2274 3750
1162 329 1397 370 -56-

468 459 482 510 <
490 457 637 513 „quod
658 457 717 499 ad
739 471 836 500 rem
862 457 1040 511 attinet,
1057 471 1148 514 quo
1170 472 1244 500 me
1261 457 1356 501 iam
1374 458 1544 501 sensim
1560 458 1808 513 adducis’')‚
1825 458 1905 502 ubi
1921 458 2097 502 obiecto

468 527 595 571 verbi
613 528 791 579 πορεύειν
809 542 961 571 carere
978 542 1073 571 non
1089 542 1343 584 possumus,
1362 542 1512 585 neque
1524 529 1688 572 Stahlii
1698 529 1732 584 l)
1749 526 1797 571 οὗ
1813 529 1901 583 πέρι
1919 530 2099 583 προνεύω

467 597 598 653 βάδην
620 598 825 654 („wegen
847 598 928 641 der
953 599 1028 642 ich
1051 599 1176 642 mich
1197 599 1344 642 biicke
1365 600 1432 642 im
1453 599 1672 657 Schritt'')
1694 599 1960 644 verisimilia
1981 599 2099 643 mihi

467 669 694 713 videntur.
729 669 918 712 Latetne
949 670 1136 713 fortasse
1168 669 1362 714 verbum
1395 671 1691 725 w906597151v2),
1725 671 1848 727 quod
1880 684 1986 714 cum
2021 670 2098 714 ad·

467 739 623 783 verbio
654 739 787 794 βάδην
818 741 999 795 (sensim,
1027 742 1292 798 pedetentim,
1325 742 1380 784 cs.
1411 742 1644 798 Aristoph.
1679 741 1878 785 Acharn.
1913 742 2000 785 535
2030 741 2098 784 ὅτε.

467 810 516 864 δὴ
552 811 718 853 ἐπείνων
753 810 898 866 βάδην,
933 812 1036 868 Lys.
1071 812 1157 855 254
1187 814 1285 866 ἡγοῦ
1316 811 1466 868 βάδην)
1498 812 1606 855 satis
1637 816 1741 869 apte
1773 812 2097 870 coniungitur?

468 881 599 932 Quod
631 882 690 924 ad
721 879 843 935 οὗπερ
875 882 945 939 (z
975 879 1098 937 οὗπερ
1129 884 1258 940 ἕνεκα)
1290 883 1467 937 attinet,
1501 883 1661 926 eodem
1693 883 1829 926 modo
1853 883 2098 940 Sophocles

467 952 681 1007 genetivo
713 966 822 996 usus
865 967 959 996 esse
998 953 1180 997 videtur
1211 957 1349 1010 atque
1380 953 1543 997 Trach.
1578 954 1663 997 339
1696 954 1734 995 τί
1765 953 1802 994 δ’
1833 954 1913 995 ἐστὶ
1945 961 2019 995 τοῦ
2048 971 2097 1007 με

468 1023 581 1076 τήνδ’
613 1024 816 1077 ἓφίστασαι
848 1024 966 1080 βάσιν
976 1045 989 1071 ,·

526 1154 633 1199 325.
682 1159 799 1195 ταῦτ’
841 1155 1087 1211 ἐτεχνήσατο,
1131 1170 1189 1199 sc.
1233 1155 1380 1212 lyram
1424 1155 1691 1212 composuit.
1725 1163 1858 1197 ταῦτα
1890 1155 2099 1212 designat

469 1226 872 1283 contemptionem.
906 1226 972 1270 Cf.
1007 1226 1066 1270 ad
1098 1241 1163 1270 vs.
1198 1227 1296 1269 136.

527 1355 632 1400 329.
656 1356 864 1399 Correxit
882 1356 1278 1400 Wilamowitzius:
1298 1355 1531 1415 χαλεΙφθῆισ
1547 1355 1645 1411 μηδὲ
1663 1356 1947 1410 δυσφορηθῆισ,
1967 1356 2099 1400 Hun-

468 1427 557 1469 tius
569 1425 802 1484 χαλεῐφθηίσ
814 1427 896 1480 ἐμοὶ
909 1427 1008 1482 μηδ.ὲ
1026 1427 1309 1482 δυσφορηθῆισ,
1329 1427 1451 1484 quod
1468 1427 1669 1470 metricis
1690 1427 1838 1471 causis
1861 1453 1915 1459 —-
1933 1442 2099 1485 nempe

468 1499 517 1540 fit
536 1498 1130 1555 creticus†ithypliallicus
1142 1500 1197 1541 cf.
1211 1499 1567 1542 Muenscherum
1586 1498 1691 1555 (Rh.
1711 1499 1827 1542 Mus.
1849 1499 1975 1552 1914,
1994 1513 2098 1556 pag.

473 1569 574 1625 188)
601 1595 660 1600 —
686 1573 731 1612 et
758 1569 881 1626 quod
907 1569 1082 1612 librarii
1110 1569 1277 1613 vitium
1304 1569 1482 1612 facilius
1508 1569 1571 1612 sic
1595 1569 1862 1626 explicatur,
1879 1570 2099 1626 praefero.

527 1639 810 1694 δυσφορηθῆισ,
845 1640 983 1695 vulgo
1015 1639 1232 1694 δυσφορεῖν,
1262 1640 1331 1683 ΕΙ.
1356 1640 1441 1683 255
1474 1638 1654 1681 πολλοῖσι
1685 1640 1850 1694 θρήνοισ
1877 1639 2099 1696 δυσφορεῖν,

471 1710 681 1767 Aeschyl.
736 1711 857 1768 Sept.
913 1711 997 1754 765
1049 1712 1114 1752 ἐπ’
1165 1710 1275 1762 ἄλγει
1327 1711 1545 1766 δυσφορῶν,
1599 1711 1738 1768 Supp.
1782 1711 1868 1754 513
1904 1710 2015 1753 οὔτοι
2062 1727 2100 1752 τι

468 1787 613 1834 θαῦμα
644 1781 862 1836 δυσφορεῖν,
896 1782 983 1825 Rh.
1009 1781 1107 1826 425.
1132 1782 1221 1825 Sed
1253 1783 1307 1826 cf.
1342 1783 1518 1827 variam
1549 1782 1793 1826 lectionem
1825 1782 1948 1840 apud
1979 1782 2097 1827 Xen.

469 1853 630 1909 Cyrop.
661 1854 700 1896 2.
730 1854 769 1895 2.
797 1854 837 1896 5.
866 1852 1182 1908 δυσφορούμενοσ
1208 1868 1290 1910 pro
1318 1852 1635 1906 δυσθετούμενοσ
1651 1857 1696 1896 et
1711 1854 1873 1909 fragm.
1892 1853 2097 1910 Theogn.

468 1924 591 1980 apud
623 1923 870 1967 Stobaeum
903 1925 943 1967 4.
979 1925 1047 1968 32.
1081 1926 1151 1968 36.

528 2054 622 2099 331.
680 2054 909 2112 πρὲσ]βειρα
956 2058 1076 2098 recte
1123 2055 1159 2098 si
1208 2054 1388 2111 legitur,
1436 2055 1664 2111 significat
1714 2054 2001 2111 ,‚Primaria'',
2045 2055 2100 2098 cf.

469 2125 700 2182 Aristoph.
749 2125 949 2169 Acharn.
993 2126 1079 2169 883
1121 2127 1329 2182 πρέσβειρα
1376 2126 1629 2179 πεντήκοντα
1676 2124 1913 2168 Κωπάιδων
1965 2133 2100 2180 κορᾶν,

469 2196 573 2252 LyS.
607 2197 676 2239 86.
710 2197 916 2252 πρέσβειρά
949 2214 1022 2247 τοι,
1057 2199 1121 2238 ναὶ
1154 2198 1212 2238 τὼ
1242 2197 1325 2247 σιώ,
1357 2197 1540 2238 Βοιωτία
1570 2199 1641 2239 ἵκει
1673 2200 1773 2238 ποθ’
1806 2196 1890 2249 ὑμέ.

528 2267 733 2323 χειμάζειν.
781 2267 884 2310 Non
932 2268 1091 2310 eodem
1138 2282 1274 2311 sensu
1311 2272 1448 2324 atque
1485 2282 1550 2312 vs.
1590 2267 1687 2321 267,
1725 2267 1804 2310 sed
1841 2267 1992 2324 potius
2029 2275 2102 2309 τοῦ

468 2338 639 2394 ἐνοχλεῖν
655 2339 689 2392 3)
723 2339 1054 2395 significatione
1088 2339 1283 2382 verbum
1314 2339 1389 2382 hic
1421 2338 1629 2382 adhiberi
1661 2338 1856 2382 videtur.

529 2457 634 2502 332.
668 2457 735 2500 De
768 2455 877 2500 voce
909 2455 1094 2511 φηλήτησ
1126 2457 1397 2500 Pearsonius
1427 2460 1531 2513 apte
1561 2457 1671 2499 citat
1702 2457 1790 2500 Rh.
1814 2456 1914 2500 217.
1939 2460 2099 2511 Ἑρμῆσ,

469 2530 515 2568 ὅσ
544 2545 586 2579 γε
618 2526 811 2582 φηλητῶν
843 2527 961 2578 ἄναξ,
995 2527 1042 2571 Ο.
1077 2528 1111 2571 I.
1143 2528 1195 2571 G.
1227 2528 1341 2571 2299
1367 2529 1511 2580 θερμὸσ
1531 2529 1551 2568 ὁ
1572 2525 1750 2582 κλέπτησ
1776 2527 1782 2584 Ι
1810 2529 1855 2567 ὃσ
1876 2535 1956 2569 τῶν
1977 2525 2103 2582 φηλη-

470 2600 570 2640 τέων
612 2598 740 2654 ὤιχετ’
783 2598 942 2641 ἄνακτα
973 2599 1114 2654 φέρων.
1153 2599 1219 2642 Cf.
1253 2598 1391 2641 etiam
1423 2598 1508 2654 frg.
1544 2599 1629 2641 933
1661 2597 1849 2655 (Pears.)
1881 2599 1996 2652 δρκοσ
2025 2598 2103 2651 γὰρ

470 2669 600 2711 offitio·
632 2670 743 2723 ἀνδρὶ
776 2668 951 2724 φηλήτηι
983 2671 1123 2725 βαρύσ.

524 2811 557 2858 ¹)
583 2811 655 2846 Rh.
681 2811 776 2847 Mus.
803 2810 908 2855 1913,
934 2822 1020 2858 pag.
1045 2810 1126 2848 308.

522 2870 557 2917 ²)
582 2873 755 2918 προσέρπω
789 2886 834 2902 =
868 2874 1094 2917 προσβαδίζω.
1131 2870 1185 2907 Cf.
1219 2869 1260 2906 Ο.
1288 2870 1330 2905 R.
1355 2869 1403 2905 83
1428 2872 1638 2915 πολυστεφὴσ
1664 2863 1721 2905 ὧδ’
1751 2869 1858 2917 εἷρπε,
1888 2869 1976 2905 Eur.
2000 2868 2104 2916 cycl.

470 2930 541 2964 423
573 2935 658 2975 πρὸσ
688 2931 794 2965 chaddo
824 2928 952 2977 εἷρπεν,
989 2930 1059 2965 445
1092 2934 1149 2966 ἐστι
1182 2933 1289 2971 κῶμον
1321 2929 1446 2975 ἕρπειν,
1481 2929 1678 2976 Aristoph.
1717 2929 1842 2976 Equit.
1867 2928 1938 2965 673
1961 2930 1979 2963 ὁ
2003 2930 2104 2965 πόλε-

470 3002 532 3030 μοσ
555 2992 693 3035 ερπέτω.

524 3048 554 3090 ³)
581 3047 756 3083 Ammon.
783 3059 868 3095 pag.
898 3048 966 3083 146
990 3052 1165 3094 χειμάζειν
1181 3050 1219 3082 οὐ
1236 3050 1337 3090 μόνον
1357 3052 1392 3082 τὸ
1410 3051 1692 3094 παραχειμάζειν,
1711 3049 1798 3082 ἀλλὰ
1816 3051 1871 3081 καὶ
1889 3051 1926 3082 τὸ
1943 3049 2101 3092 ἐνοχλεῖν,

471 3109 516 3141 ὡο
540 3109 739 3153 Μένανδροσ
764 3109 941 3151 εΗνιόχωι.
