2274 3750
894 379 952 384 -
983 353 1040 396 47
1073 378 1130 385 -.

91 467 107 507 ἱ
173 493 193 524 .·
253 481 357 528 297.
387 480 594 534 γογγύλοσ,
626 482 844 526 rotundus.
877 482 942 527 cf.
978 482 1208 540 Aristoph.
1242 483 1346 528 Pac.
1379 483 1448 537 28,
1481 481 1664 526 Thesm.
1689 482 1820 527 1185.

187 649 190 655 .
251 611 358 658 298.
392 613 582 670 Legitur
611 614 661 656 in
693 627 889 670 papyro:

227 703 235 716 e
310 682 397 725 οὐδ’
428 685 486 724 ώσ
515 685 685 740 ἷχνευτῆι
708 684 742 739 1)
774 684 988 739 προσφερὲσ
1020 683 1198 737 ττιῖφυκιεν7
1223 683 1309 725 οὐδ’
1341 685 1397 725 ὥσ
1428 684 1628 740 καρκίνωι;

251 753 332 798 ubi
377 757 458 798 aut
502 754 714 799 dativum
755 759 836 798 aut
871 755 1243 799 coniunctionem
1274 756 1332 796 ὥσ
1361 768 1694 812 supervacuam
1725 768 1819 798 esse

193 825 347 884 quivis
397 825 537 880 videt,
591 825 680 869 nisi
727 829 911 869 auctore
957 824 1207 882 Terzaghio
1257 827 1339 879 „dm
1383 840 1512 869 come
1558 826 1819 879 limitativo,

192 896 354 950 simile,
382 911 464 953 per
493 896 631 939 modo
662 895 709 938 di
742 896 883 939 dire.''
916 910 1021 940 cum
1053 896 1279 940 adiectivo
1311 896 1524 951 προσφερέσ
1554 896 1818 952 coniungas,

111 962 114 963 ⁷
140 973 148 979 '
192 966 315 1024 quod
355 967 483 1011 salva
523 966 695 1022 lingua,
734 970 786 1009 ut
817 967 990 1023 opinor,
1025 967 1124 1010 fieri
1155 980 1248 1009 non
1280 970 1439 1023 potest.
1472 967 1631 1024 Neque
1663 970 1818 1010 tamen

190 1037 359 1083 vitium
385 1038 540 1091 latere,
568 1038 646 1081 sed
673 1038 786 1081 duas
812 1037 1033 1095 loquendi
1058 1038 1278 1081 formulas
1298 1039 1373 1091 (ὡσ
1389 1039 1570 1094 ἶχνευτὴσ
1586 1041 1631 1081 et
1646 1039 1817 1094 ἰχνευτῆι

191 1109 423 1165 προσφερέσ)
466 1110 588 1152 inter
628 1123 675 1152 se
718 1109 970 1166 permixtas
1003 1123 1097 1153 esse
1129 1109 1276 1153 credo.
1309 1109 1470 1166 Itaque
1502 1123 1596 1152 non
1627 1112 1706 1163 est,
1739 1123 1820 1152 cur

190 1194 296 1224 cum
329 1171 678 1226 Wilamowitzio
709 1194 792 1237 pro
825 1180 980 1225 dativo
1011 1180 1353 1224 nominativum
1385 1179 1728 1224 substituamus.

249 1309 357 1357 3⁰⁰.
407 1310 475 1354 De
521 1311 743 1365 κανθάροισ
783 1311 1000 1352 Αἰτναίοισ
1051 1310 1409 1354 Atheniensibus
1460 1310 1710 1353 notissimis
1760 1306 1816 1354 cf.

189 1381 328 1426 Arist.
362 1381 466 1426 Pac.
500 1382 556 1425 73
578 1382 751 1435 εἰσήγαγ’
773 1382 976 1423 Αἰτναῖον
997 1382 1180 1434 μέγιστον
1201 1382 1409 1436 κάνθαρον
1430 1385 1476 1424 et
1490 1381 1816 1425 Leeuwenium

189 1440 361 1496 Mnem.
396 1452 525 1507 1907,
559 1467 660 1510 pag.
695 1452 778 1496 271
804 1467 900 1509 sqq.
934 1457 979 1495 et
1000 1452 1357 1496 Vuerthemium
1379 1451 1488 1495 ibid.
1516 1467 1619 1509 pag.
1643 1452 1728 1496 335
1750 1466 1816 1509 sq.

247 1581 343 1629 301.
374 1581 442 1626 De
473 1596 584 1627 voce
616 1581 823 1625 κνώδαλον
855 1585 1144 1638 (monstrum,
1175 1578 1328 1639 belua)
1354 1582 1504 1639 lepide
1536 1595 1660 1624 nunc
1687 1582 1817 1624 adhi-

186 1651 283 1697 bita
324 1653 380 1698 cf.
423 1653 561 1696 Arist.
605 1653 741 1710 Vesp.
784 1653 813 1695 4
853 1650 916 1709 ἆρ’
958 1650 1078 1694 οἶσθα
1117 1657 1155 1704 7³
1191 1650 1274 1695 οἷον
1310 1652 1515 1695 κνώδαλον
1545 1651 1815 1705 φυλάττομεν;

188 1725 293 1782 LyS,
325 1723 413 1768 476
445 1726 483 1766 τὶ
515 1725 744 1780 χρησόμεθα
775 1723 902 1766 τοῖσδε
934 1733 1019 1765 τοῖσ
1049 1722 1290 1771 κνώδαλοισ;
1811 1716 1813 1718 V

201 1840 203 1842 ,
246 1795 462 1839 Alterum
522 1795 838 1838 similitudinis
898 1795 1020 1838 inter
1080 1795 1358 1838 testudinem
1419 1798 1464 1837 et
1521 1794 1814 1838 scarabaeum

185 1866 454 1924 exemplum
485 1866 780 1922 Vollgraffius
811 1880 870 1909 ex
898 1865 1133 1922 Hesychio
1154 1865 1297 1918 affert,
1321 1865 1441 1921 apud
1465 1879 1604 1922 quem
1624 1865 1812 1922 legitur:

191 1936 420 1995 »χελωνιάφ
453 1939 477 1991 ἡ
508 1935 668 1991 ποικίλη
700 1935 939 1992 κανθαρίσ.”

244 2055 351 2102 302.
392 2056 612 2099 Eiusdem
652 2056 831 2112 generis
873 2060 939 2098 est
977 2055 1181 2112 quaestio
1213 2054 1489 2111 perridicula
1521 2054 1657 2097 Arist.
1691 2054 1810 2098 Nub.

187 2127 272 2172 157
293 2141 392 2185 sqq.
434 2129 512 2168 τὰσ
551 2126 727 2180 ἓμπίδασ
761 2127 764 2185 Ι
799 2128 903 2167 κατὰ
942 2129 987 2166 τὸ
1018 2126 1131 2179 στόμ’
1157 2124 1282 2167 ἅιδειν
1313 2126 1336 2180 ἢ
1368 2127 1472 2166 κατὰ
1506 2125 1808 2180 τούρροπύγιον.

186 2198 312 2242 Duos
331 2200 488 2242 autem
508 2197 630 2241 locos
651 2201 888 2254 tantopere
909 2197 1030 2240 inter
1051 2211 1096 2239 se
1119 2210 1380 2252 congruere,
1405 2199 1457 2238 ut
1478 2195 1594 2238 alter
1615 2188 1811 2239 alterum

185 2272 407 2326 spectasse
439 2269 675 2326 probabile
707 2268 778 2323 sit,
811 2282 942 2324 nego.

244 2386 353 2433 3⁰3.
389 2388 562 2431 Textus
604 2387 736 2431 valde
778 2386 1081 2443 perturbatus,
1123 2386 1172 2428 in
1215 2399 1305 2442 quo
1345 2384 1543 2428 fueritne
1589 2401 1699 2439 ορινη
1749 2399 1809 2428 an

184 2474 325 2512 ορεινη,
357 2467 439 2500 τῶν
464 2459 635 2512 ὀστρέων
665 2472 725 2501 an
757 2465 839 2500 τῶν
869 2457 1084 2511 ὀστράκων,
1116 2471 1209 2499 non
1236 2459 1422 2499 constat.
1447 2455 1515 2498 De
1538 2469 1646 2499 voce
1670 2455 1810 2510 ὄστρα-

184 2545 254 2571 κον
295 2530 351 2573 cf.
391 2529 552 2586 hymn.
597 2529 734 2572 Mero.
778 2529 833 2571 33
865 2527 1001 2570 αἰόλον
1031 2527 1221 2581 ὄστρακον
1252 2528 1336 2567 ἕσσο
1368 2525 1483 2581 χέλυσ
1512 2526 1610 2580 ὄρεσι
1645 2526 1810 2574 ζώουσα.

183 2599 477 2656 Vollgraffius
507 2599 689 2657 supplet
719 2598 898 2657 λο[πὰσ]
929 2600 1055 2653 ὀρεινὴ
1086 2598 1323 2655 (montana
1355 2597 1541 2653 patina),
1591 2597 1712 2653 quod
1755 2597 1810 2640 de

184 2671 374 2715 animali
405 2669 614 2727 χυτρώδηι,
647 2670 744 2725 ὄρεσι
776 2670 916 2719 ζώοντι
947 2669 1072 2712 haud
1103 2668 1286 2725 illepide
1319 2668 1498 2711 dicitur.

243 2787 356 2835 304.
387 2789 478 2830 εἴτι
499 2787 623 2831 πλέον
643 2787 752 2843 ἐ’χεισ.
776 2788 973 2831 Auctore
996 2787 1174 2830 Huntio
1197 2790 1240 2829 et
1261 2786 1391 2840 παρόν
1411 2784 1510 2841 ’έχεισ
1537 2785 1625 2840 legi
1648 2788 1807 2842 potest,

184 2860 308 2918 quod
323 2860 510 2903 fortasse
526 2859 879 2917 praeferendum
895 2863 974 2912 est,
988 2872 1097 2901 nam
1114 2857 1287 2900 collatis
1298 2857 1365 2910 iis,
1380 2870 1496 2914 quae
1512 2855 1810 2900 Leeuwenius

235 3002 271 3049 ⁴)
295 3001 464 3037 Mnasias
481 3000 595 3045 (Ber-l.
613 3001 711 3036 Phil.
733 3000 865 3036 Woch.
882 2999 989 3046 1913,
1005 2998 1110 3045 227):
1129 3002 1316 3044 ,,ι’χιιευεῆι,
1334 3008 1412 3033 was
1430 2997 1490 3032 ich
1509 2997 1550 3032 D.
1570 2997 1806 3032 Litteratur-

184 3061 271 3098 zeit.
307 3059 412 3103 1912.
448 3059 543 3095 2784
575 3059 771 3105 gcfordert
803 3060 928 3104 hatte,
960 3059 1065 3093 steht
1098 3057 1150 3092 im
1177 3057 1360 3103 Papyrus,
1388 3056 1457 3092 wie
1483 3056 1558 3090 mir·
1583 3055 1690 3091 Hunt
1715 3057 1806 3091 mit-

185 3118 305 3156 teilt.”
333 3119 385 3154 De
411 3123 572 3165 ῖχνειιτῄσ
596 3129 683 3154 voce
709 3118 754 3155 cf.
782 3117 961 3153 Herodot.
987 3117 1032 3153 ΙΙ.
1059 3116 1116 3153 67.

1848 970 2022 1056 «μέν.
2071 970 2274 1041 10⁴2·

1889 1059 1945 1096 spo
1957 1060 2079 1085 leuc-u
2142 1053 2183 1078 ΕΙ
2193 1045 2274 1073 “⁶⁴⁶
