<?xml version="1.0" encoding="UTF-8"?>
<!DOCTYPE html PUBLIC "-//W3C//DTD XHTML 1.0 Transitional//EN"
    "http://www.w3.org/TR/xhtml1/DTD/xhtml1-transitional.dtd">
<html xmlns="http://www.w3.org/1999/xhtml" xml:lang="en" lang="en">
 <head>
  <title>
</title>
<meta http-equiv="Content-Type" content="text/html;charset=utf-8" />
  <meta name='ocr-system' content='tesseract 3.04.00' />
  <meta name='ocr-capabilities' content='ocr_page ocr_carea ocr_par ocr_line ocrx_word'/>
</head>
<body>
  <div class='ocr_page' id='page_1' title='image "./desophoclisindag00spoeuoft_0036.png"; bbox 0 0 2274 3750; ppageno 0'>
   <div class='ocr_carea' id='block_1_1' title="bbox 1181 364 1415 409">
    <p class='ocr_par' dir='ltr' id='par_1_1' title="bbox 1181 364 1415 409">
     <span class='ocr_line' id='line_1_1' title="bbox 1181 364 1415 409; baseline 0.013 -11"><span class='ocrx_word' id='word_1_1' title='bbox 1181 364 1415 409; x_wconf 76' lang='lat'>—20....</span> 
     </span>
    </p>
   </div>
   <div class='ocr_carea' id='block_1_2' title="bbox 542 495 1846 909">
    <p class='ocr_par' dir='ltr' id='par_1_2' title="bbox 542 495 1846 909">
     <span class='ocr_line' id='line_1_2' title="bbox 543 495 982 551; baseline 0.005 -16"><span class='ocrx_word' id='word_1_2' title='bbox 543 495 698 551; x_wconf 81' lang='grc' dir='ltr'><strong><em>Χορ.β’.</em></strong></span> <span class='ocrx_word' id='word_1_3' title='bbox 749 495 848 550; x_wconf 79' lang='grc' dir='ltr'>ἰδού,</span> <span class='ocrx_word' id='word_1_4' title='bbox 882 495 982 547; x_wconf 82' lang='grc' dir='ltr'><strong><em>ἰδού,</em></strong></span> 
     </span>
     <span class='ocr_line' id='line_1_3' title="bbox 751 569 1796 629; baseline 0.007 -22"><span class='ocrx_word' id='word_1_5' title='bbox 751 569 815 607; x_wconf 84' lang='grc' dir='ltr'>καὶ</span> <span class='ocrx_word' id='word_1_6' title='bbox 848 569 1098 622; x_wconf 78' lang='grc' dir='ltr'>τούπίσημον</span> <span class='ocrx_word' id='word_1_7' title='bbox 1121 569 1153 623; x_wconf 92' lang='grc'>1)</span> <span class='ocrx_word' id='word_1_8' title='bbox 1185 571 1286 611; x_wconf 82' lang='grc' dir='ltr'><em>αὐτὸ</em></span> <span class='ocrx_word' id='word_1_9' title='bbox 1319 578 1400 612; x_wconf 75' lang='grc' dir='ltr'>τῶν</span> <span class='ocrx_word' id='word_1_10' title='bbox 1431 569 1570 613; x_wconf 76' lang='grc' dir='ltr'><em>ὁπλῶν</em></span> <span class='ocrx_word' id='word_1_11' title='bbox 1601 570 1701 612; x_wconf 80' lang='grc' dir='ltr'><strong><em>πάλι</em></strong></span> <span class='ocrx_word' id='word_1_12' title='bbox 1713 572 1796 629; x_wconf 75' lang='lat' dir='ltr'>[v]</span> 
     </span>
     <span class='ocr_line' id='line_1_4' title="bbox 542 635 1018 691; baseline 0 -15"><span class='ocrx_word' id='word_1_13' title='bbox 542 636 699 691; x_wconf 74' lang='grc' dir='ltr'>Χορ.α’.</span> <span class='ocrx_word' id='word_1_14' title='bbox 747 637 862 691; x_wconf 67' lang='grc' dir='ltr'><strong><em>ἄθρει</em></strong></span> <span class='ocrx_word' id='word_1_15' title='bbox 893 635 1018 689; x_wconf 80' lang='grc' dir='ltr'><strong><em>μάλα·</em></strong></span> 
     </span>
     <span class='ocr_line' id='line_1_5' title="bbox 747 707 1821 769; baseline 0.007 -22"><span class='ocrx_word' id='word_1_16' title='bbox 747 707 839 749; x_wconf 70' lang='grc' dir='ltr'>αὕτ’</span> <span class='ocrx_word' id='word_1_17' title='bbox 872 708 951 749; x_wconf 68' lang='grc' dir='ltr'>ἐστὶ</span> <span class='ocrx_word' id='word_1_18' title='bbox 985 715 1105 749; x_wconf 84' lang='grc' dir='ltr'><strong><em>τοῦτο</em></strong></span> <span class='ocrx_word' id='word_1_19' title='bbox 1135 709 1278 763; x_wconf 79' lang='grc' dir='ltr'><em>μέτρον</em></span> <span class='ocrx_word' id='word_1_20' title='bbox 1310 710 1761 768; x_wconf 65' lang='grc' dir='ltr'>[ἐ]κμε[μαγ]μ[ἑ]νον.</span> <span class='ocrx_word' id='word_1_21' title='bbox 1784 711 1821 769; x_wconf 80' lang='grc'>2)</span> 
     </span>
     <span class='ocr_line' id='line_1_6' title="bbox 1134 779 1385 838; baseline 0.004 -1"><span class='ocrx_word' id='word_1_22' title='bbox 1134 779 1327 838; x_wconf 49' lang='lat' dir='ltr'>(ezram)</span> <span class='ocrx_word' id='word_1_23' title='bbox 1349 781 1385 837; x_wconf 73' lang='lat'>³&gt;</span> 
     </span>
     <span class='ocr_line' id='line_1_7' title="bbox 748 848 1846 909; baseline 0.004 -20"><span class='ocrx_word' id='word_1_24' title='bbox 748 849 904 906; x_wconf 66' lang='grc' dir='ltr'><strong>χ[ώ]ρει</strong></span> <span class='ocrx_word' id='word_1_25' title='bbox 937 848 1083 904; x_wconf 83' lang='grc' dir='ltr'><em>δρόμωι</em></span> <span class='ocrx_word' id='word_1_26' title='bbox 1114 852 1180 891; x_wconf 85' lang='grc' dir='ltr'>καὶ</span> <span class='ocrx_word' id='word_1_27' title='bbox 1213 851 1287 908; x_wconf 87' lang='grc' dir='ltr'>τα[</span> <span class='ocrx_word' id='word_1_28' title='bbox 1307 885 1610 895; x_wconf 91' lang='grc'><strong>...........</strong></span> <span class='ocrx_word' id='word_1_29' title='bbox 1631 853 1724 909; x_wconf 76' lang='grc' dir='ltr'>]ῳν</span> <span class='ocrx_word' id='word_1_30' title='bbox 1755 852 1846 909; x_wconf 70' lang='grc' dir='ltr'>ἴχου</span> 
     </span>
    </p>
   </div>
   <div class='ocr_carea' id='block_1_3' title="bbox 749 919 1840 980">
    <p class='ocr_par' dir='ltr' id='par_1_3' title="bbox 749 919 1840 980">
     <span class='ocr_line' id='line_1_8' title="bbox 749 919 1840 980; baseline 0.002 -19"><span class='ocrx_word' id='word_1_31' title='bbox 749 919 826 976; x_wconf 89' lang='grc'>[..</span> <span class='ocrx_word' id='word_1_32' title='bbox 849 920 956 977; x_wconf 77' lang='lat' dir='ltr'>,]o&#39;n·</span> <span class='ocrx_word' id='word_1_33' title='bbox 989 955 998 964; x_wconf 90' lang='lat'><em>.</em></span> <span class='ocrx_word' id='word_1_34' title='bbox 1032 920 1052 977; x_wconf 92' lang='lat'>[</span> <span class='ocrx_word' id='word_1_35' title='bbox 1071 955 1198 965; x_wconf 93' lang='grc'><strong>.....</strong></span> <span class='ocrx_word' id='word_1_36' title='bbox 1169 921 1303 979; x_wconf 93' lang='lat'>].[</span> <span class='ocrx_word' id='word_1_37' title='bbox 1316 956 1679 967; x_wconf 91' lang='grc'><strong>.............</strong></span> <span class='ocrx_word' id='word_1_38' title='bbox 1699 924 1840 980; x_wconf 64' lang='grc' dir='ltr'>]μ.ψοσ</span> 
     </span>
    </p>
   </div>
   <div class='ocr_carea' id='block_1_4' title="bbox 541 991 1866 1264">
    <p class='ocr_par' dir='ltr' id='par_1_4' title="bbox 541 991 1866 1122">
     <span class='ocr_line' id='line_1_9' title="bbox 748 991 1866 1052; baseline 0.004 -21"><span class='ocrx_word' id='word_1_39' title='bbox 748 991 929 1047; x_wconf 70' lang='grc' dir='ltr'>ὁοίβδημ’</span> <span class='ocrx_word' id='word_1_40' title='bbox 961 992 1032 1034; x_wconf 65' lang='grc' dir='ltr'>ἐάν</span> <span class='ocrx_word' id='word_1_41' title='bbox 1063 1006 1127 1034; x_wconf 72' lang='lat' dir='ltr'>‘cto&#39;</span> <span class='ocrx_word' id='word_1_42' title='bbox 1157 1001 1239 1035; x_wconf 80' lang='grc' dir='ltr'>τῶν</span> <span class='ocrx_word' id='word_1_43' title='bbox 1270 993 1400 1050; x_wconf 77' lang='grc' dir='ltr'><strong><em>[βοῶν</em></strong></span> <span class='ocrx_word' id='word_1_44' title='bbox 1429 994 1505 1052; x_wconf 72' lang='grc' dir='ltr'><strong><em>δ]ι’</em></strong></span> <span class='ocrx_word' id='word_1_45' title='bbox 1546 991 1618 1035; x_wconf 82' lang='grc' dir='ltr'>οὗσ</span> <span class='ocrx_word' id='word_1_46' title='bbox 1649 993 1807 1052; x_wconf 80' lang='grc' dir='ltr'><strong><em>[λάβηι.</em></strong></span> <span class='ocrx_word' id='word_1_47' title='bbox 1828 995 1866 1049; x_wconf 77' lang='lat'>4)</span> 
     </span>
     <span class='ocr_line' id='line_1_10' title="bbox 541 1061 1624 1122; baseline 0.007 -22"><span class='ocrx_word' id='word_1_48' title='bbox 541 1061 696 1116; x_wconf 73' lang='grc' dir='ltr'>Χορ.β’.</span> <span class='ocrx_word' id='word_1_49' title='bbox 746 1062 876 1119; x_wconf 90' lang='lat' dir='ltr'>(dum</span> <span class='ocrx_word' id='word_1_50' title='bbox 907 1077 989 1106; x_wconf 87' lang='lat' dir='ltr'>sua</span> <span class='ocrx_word' id='word_1_51' title='bbox 1019 1068 1359 1121; x_wconf 82' lang='lat' dir='ltr'>persequuntur</span> <span class='ocrx_word' id='word_1_52' title='bbox 1390 1065 1624 1122; x_wconf 78' lang='lat' dir='ltr'>vestigiaz)</span> 
     </span>
    </p>

    <p class='ocr_par' dir='ltr' id='par_1_5' title="bbox 747 1134 1786 1193">
     <span class='ocr_line' id='line_1_11' title="bbox 747 1134 1786 1193; baseline 0.005 -20"><span class='ocrx_word' id='word_1_53' title='bbox 747 1135 818 1174; x_wconf 78' lang='grc' dir='ltr'>οὐκ</span> <span class='ocrx_word' id='word_1_54' title='bbox 851 1134 1040 1175; x_wconf 71' lang='grc' dir='ltr'><strong><em>εἰσακούω</em></strong></span> <span class='ocrx_word' id='word_1_55' title='bbox 1072 1152 1139 1175; x_wconf 84' lang='grc' dir='ltr'>πω</span> <span class='ocrx_word' id='word_1_56' title='bbox 1170 1135 1343 1193; x_wconf 79' lang='grc' dir='ltr'>[τορῶ]σ</span> <span class='ocrx_word' id='word_1_57' title='bbox 1361 1136 1398 1190; x_wconf 84' lang='grc'>5)</span> <span class='ocrx_word' id='word_1_58' title='bbox 1431 1143 1504 1177; x_wconf 80' lang='grc' dir='ltr'>τοῦ</span> <span class='ocrx_word' id='word_1_59' title='bbox 1535 1137 1786 1189; x_wconf 68' lang='grc' dir='ltr'>φθέγματοσ,</span> 
     </span>
    </p>

    <p class='ocr_par' dir='ltr' id='par_1_6' title="bbox 748 1203 1718 1264">
     <span class='ocr_line' id='line_1_12' title="bbox 748 1203 1718 1264; baseline 0.004 -20"><span class='ocrx_word' id='word_1_60' title='bbox 748 1203 839 1244; x_wconf 79' lang='grc' dir='ltr'>ἀλλ’</span> <span class='ocrx_word' id='word_1_61' title='bbox 871 1205 980 1246; x_wconf 76' lang='grc' dir='ltr'><em>αὐτὰ</em></span> <span class='ocrx_word' id='word_1_62' title='bbox 1012 1207 1092 1259; x_wconf 76' lang='grc' dir='ltr'>μὴν</span> <span class='ocrx_word' id='word_1_63' title='bbox 1124 1205 1235 1263; x_wconf 74' lang='grc' dir='ltr'><em>Ξ’χ[νη</em></span> <span class='ocrx_word' id='word_1_64' title='bbox 1268 1206 1332 1264; x_wconf 70' lang='grc' dir='ltr'>τε]</span> <span class='ocrx_word' id='word_1_65' title='bbox 1365 1208 1420 1263; x_wconf 82' lang='grc' dir='ltr'><strong><em>χὼ</em></strong></span> <span class='ocrx_word' id='word_1_66' title='bbox 1451 1208 1592 1263; x_wconf 82' lang='grc' dir='ltr'><strong><em>στίβοσ</em></strong></span> <span class='ocrx_word' id='word_1_67' title='bbox 1623 1207 1718 1248; x_wconf 70' lang='grc' dir='ltr'>τάδε</span> 
     </span>
    </p>
   </div>
   <div class='ocr_carea' id='block_1_5' title="bbox 478 1415 2113 1999">
    <p class='ocr_par' dir='ltr' id='par_1_7' title="bbox 479 1415 2112 1570">
     <span class='ocr_line' id='line_1_13' title="bbox 533 1415 2109 1465; baseline 0.004 -15"><span class='ocrx_word' id='word_1_68' title='bbox 533 1415 564 1462; x_wconf 89' lang='lat'>¹)</span> <span class='ocrx_word' id='word_1_69' title='bbox 599 1416 814 1462; x_wconf 79' lang='lat' dir='ltr'><strong>Vestigium</strong></span> <span class='ocrx_word' id='word_1_70' title='bbox 849 1417 1132 1462; x_wconf 81' lang='lat' dir='ltr'>(hoesasdruk);</span> <span class='ocrx_word' id='word_1_71' title='bbox 1165 1420 1297 1453; x_wconf 79' lang='lat' dir='ltr'>notam</span> <span class='ocrx_word' id='word_1_72' title='bbox 1332 1419 1526 1465; x_wconf 79' lang='lat' dir='ltr'>quandam</span> <span class='ocrx_word' id='word_1_73' title='bbox 1553 1419 1723 1464; x_wconf 80' lang='lat' dir='ltr'>ungulae</span> <span class='ocrx_word' id='word_1_74' title='bbox 1748 1420 1919 1455; x_wconf 84' lang='lat' dir='ltr'>inustam</span> <span class='ocrx_word' id='word_1_75' title='bbox 1946 1420 2109 1456; x_wconf 81' lang='lat' dir='ltr'>indicari</span> 
     </span>
     <span class='ocr_line' id='line_1_14' title="bbox 479 1475 2112 1526; baseline 0.004 -17"><span class='ocrx_word' id='word_1_76' title='bbox 479 1485 616 1520; x_wconf 84' lang='lat' dir='ltr'>parum</span> <span class='ocrx_word' id='word_1_77' title='bbox 645 1475 838 1522; x_wconf 80' lang='lat' dir='ltr'>probabile</span> <span class='ocrx_word' id='word_1_78' title='bbox 864 1486 1010 1512; x_wconf 86' lang='lat' dir='ltr'>censeo.</span> <span class='ocrx_word' id='word_1_79' title='bbox 1036 1476 1090 1514; x_wconf 85' lang='lat' dir='ltr'>Cf.</span> <span class='ocrx_word' id='word_1_80' title='bbox 1115 1481 1152 1511; x_wconf 80' lang='grc' dir='ltr'>τὸ</span> <span class='ocrx_word' id='word_1_81' title='bbox 1177 1481 1340 1524; x_wconf 72' lang='grc' dir='ltr'><strong><em>ἐπίσημον</em></strong></span> <span class='ocrx_word' id='word_1_82' title='bbox 1364 1478 1403 1512; x_wconf 89' lang='lat' dir='ltr'>in</span> <span class='ocrx_word' id='word_1_83' title='bbox 1431 1489 1519 1514; x_wconf 78' lang='lat' dir='ltr'>aere</span> <span class='ocrx_word' id='word_1_84' title='bbox 1543 1489 1764 1526; x_wconf 87' lang='lat' dir='ltr'>expressum</span> <span class='ocrx_word' id='word_1_85' title='bbox 1790 1478 1912 1526; x_wconf 89' lang='lat' dir='ltr'>(Plut.</span> <span class='ocrx_word' id='word_1_86' title='bbox 1928 1479 2038 1517; x_wconf 81' lang='lat' dir='ltr'>Thes.</span> <span class='ocrx_word' id='word_1_87' title='bbox 2057 1479 2112 1526; x_wconf 82' lang='lat'>6),</span> 
     </span>
     <span class='ocr_line' id='line_1_15' title="bbox 481 1534 824 1570; baseline 0.009 -3"><span class='ocrx_word' id='word_1_88' title='bbox 481 1536 525 1567; x_wconf 90' lang='lat' dir='ltr'>ut</span> <span class='ocrx_word' id='word_1_89' title='bbox 550 1534 612 1569; x_wconf 88' lang='lat' dir='ltr'>hic</span> <span class='ocrx_word' id='word_1_90' title='bbox 638 1534 678 1569; x_wconf 90' lang='lat' dir='ltr'>in</span> <span class='ocrx_word' id='word_1_91' title='bbox 707 1538 824 1570; x_wconf 74' lang='lat' dir='ltr'>terra.</span> 
     </span>
    </p>

    <p class='ocr_par' dir='ltr' id='par_1_8' title="bbox 478 1592 2113 1878">
     <span class='ocr_line' id='line_1_16' title="bbox 530 1592 2113 1645; baseline 0.004 -18"><span class='ocrx_word' id='word_1_92' title='bbox 530 1593 564 1635; x_wconf 84' lang='lat'>²)</span> <span class='ocrx_word' id='word_1_93' title='bbox 590 1592 652 1628; x_wconf 88' lang='lat' dir='ltr'>Sic</span> <span class='ocrx_word' id='word_1_94' title='bbox 685 1593 925 1630; x_wconf 83' lang='lat' dir='ltr'>Pearsonius.</span> <span class='ocrx_word' id='word_1_95' title='bbox 961 1594 1131 1630; x_wconf 87' lang='lat' dir='ltr'>Huntius</span> <span class='ocrx_word' id='word_1_96' title='bbox 1156 1595 1373 1631; x_wconf 85' lang='lat' dir='ltr'>coniecerat</span> <span class='ocrx_word' id='word_1_97' title='bbox 1398 1598 1665 1643; x_wconf 69' lang='grc' dir='ltr'><strong><em>ἐκμετρούμενον,</em></strong></span> <span class='ocrx_word' id='word_1_98' title='bbox 1690 1596 1755 1632; x_wconf 91' lang='lat' dir='ltr'>sed</span> <span class='ocrx_word' id='word_1_99' title='bbox 1776 1597 1990 1643; x_wconf 72' lang='lat' dir='ltr'>praesentis</span> <span class='ocrx_word' id='word_1_100' title='bbox 2022 1609 2113 1645; x_wconf 83' lang='lat' dir='ltr'>par-</span> 
     </span>
     <span class='ocr_line' id='line_1_17' title="bbox 481 1651 2112 1701; baseline 0.004 -15"><span class='ocrx_word' id='word_1_101' title='bbox 481 1651 659 1698; x_wconf 83' lang='lat' dir='ltr'>ticipium</span> <span class='ocrx_word' id='word_1_102' title='bbox 685 1652 788 1688; x_wconf 85' lang='lat' dir='ltr'>haud</span> <span class='ocrx_word' id='word_1_103' title='bbox 815 1653 927 1688; x_wconf 83' lang='lat' dir='ltr'>facile</span> <span class='ocrx_word' id='word_1_104' title='bbox 954 1653 1210 1700; x_wconf 84' lang='lat' dir='ltr'>intellegitur.</span> <span class='ocrx_word' id='word_1_105' title='bbox 1237 1654 1351 1690; x_wconf 78' lang='lat' dir='ltr'>Valet</span> <span class='ocrx_word' id='word_1_106' title='bbox 1376 1666 1527 1691; x_wconf 85' lang='lat' dir='ltr'>versus:</span> <span class='ocrx_word' id='word_1_107' title='bbox 1545 1655 1626 1701; x_wconf 88' lang='lat' dir='ltr'>„En</span> <span class='ocrx_word' id='word_1_108' title='bbox 1642 1655 1704 1690; x_wconf 83' lang='lat' dir='ltr'>hic</span> <span class='ocrx_word' id='word_1_109' title='bbox 1723 1667 1810 1691; x_wconf 87' lang='lat' dir='ltr'>vero</span> <span class='ocrx_word' id='word_1_110' title='bbox 1826 1656 1980 1692; x_wconf 84' lang='lat' dir='ltr'>habetis</span> <span class='ocrx_word' id='word_1_111' title='bbox 1997 1657 2112 1692; x_wconf 83' lang='lat' dir='ltr'>vesti—</span> 
     </span>
     <span class='ocr_line' id='line_1_18' title="bbox 478 1711 2112 1762; baseline 0.004 -17"><span class='ocrx_word' id='word_1_112' title='bbox 478 1711 584 1756; x_wconf 86' lang='lat' dir='ltr'>gium</span> <span class='ocrx_word' id='word_1_113' title='bbox 620 1711 772 1757; x_wconf 85' lang='lat' dir='ltr'>plenius</span> <span class='ocrx_word' id='word_1_114' title='bbox 805 1723 920 1758; x_wconf 83' lang='lat' dir='ltr'>quam</span> <span class='ocrx_word' id='word_1_115' title='bbox 955 1712 1048 1748; x_wconf 83' lang='lat' dir='ltr'>alibi</span> <span class='ocrx_word' id='word_1_116' title='bbox 1074 1723 1308 1760; x_wconf 87' lang='lat' dir='ltr'>expressum,</span> <span class='ocrx_word' id='word_1_117' title='bbox 1332 1717 1378 1749; x_wconf 89' lang='lat' dir='ltr'>ut</span> <span class='ocrx_word' id='word_1_118' title='bbox 1403 1717 1571 1749; x_wconf 88' lang='lat' dir='ltr'>metrum</span> <span class='ocrx_word' id='word_1_119' title='bbox 1597 1714 1700 1750; x_wconf 79' lang='lat' dir='ltr'>clare</span> <span class='ocrx_word' id='word_1_120' title='bbox 1725 1717 1946 1762; x_wconf 82' lang='lat' dir='ltr'>appareat.&#39;’</span> <span class='ocrx_word' id='word_1_121' title='bbox 1972 1715 2026 1751; x_wconf 87' lang='lat' dir='ltr'>De</span> <span class='ocrx_word' id='word_1_122' title='bbox 2050 1715 2112 1752; x_wconf 78' lang='lat' dir='ltr'>dei</span> 
     </span>
     <span class='ocr_line' id='line_1_19' title="bbox 479 1770 2111 1820; baseline 0.004 -16"><span class='ocrx_word' id='word_1_123' title='bbox 479 1770 653 1816; x_wconf 84' lang='lat' dir='ltr'>vestigiis</span> <span class='ocrx_word' id='word_1_124' title='bbox 678 1770 740 1806; x_wconf 91' lang='lat' dir='ltr'>hic</span> <span class='ocrx_word' id='word_1_125' title='bbox 766 1771 908 1818; x_wconf 84' lang='lat' dir='ltr'>agitur.</span> <span class='ocrx_word' id='word_1_126' title='bbox 935 1771 1104 1808; x_wconf 85' lang='lat' dir='ltr'><strong>Verbum</strong></span> <span class='ocrx_word' id='word_1_127' title='bbox 1132 1776 1309 1815; x_wconf 71' lang='grc' dir='ltr'><strong><em>ἐκμάττειν</em></strong></span> <span class='ocrx_word' id='word_1_128' title='bbox 1333 1773 1465 1810; x_wconf 89' lang='lat' dir='ltr'>eodem</span> <span class='ocrx_word' id='word_1_129' title='bbox 1493 1784 1606 1809; x_wconf 81' lang='lat' dir='ltr'>sensu</span> <span class='ocrx_word' id='word_1_130' title='bbox 1632 1774 1830 1809; x_wconf 86' lang='lat' dir='ltr'>invenitur</span> <span class='ocrx_word' id='word_1_131' title='bbox 1846 1774 2034 1810; x_wconf 84' lang='lat' dir='ltr'>Theocrit.</span> <span class='ocrx_word' id='word_1_132' title='bbox 2053 1774 2111 1820; x_wconf 99' lang='lat'>17,</span> 
     </span>
     <span class='ocr_line' id='line_1_20' title="bbox 478 1829 1026 1878; baseline 0.005 -14"><span class='ocrx_word' id='word_1_133' title='bbox 478 1829 549 1865; x_wconf 77' lang='lat'>‘122</span> <span class='ocrx_word' id='word_1_134' title='bbox 574 1833 685 1865; x_wconf 79' lang='grc' dir='ltr'><strong><em>ποδῶν</em></strong></span> <span class='ocrx_word' id='word_1_135' title='bbox 710 1834 911 1873; x_wconf 52' lang='lat' dir='ltr'>inadunatus</span> <span class='ocrx_word' id='word_1_136' title='bbox 933 1833 1026 1878; x_wconf 67' lang='grc' dir='ltr'><strong><em>ἴχνη.</em></strong></span> 
     </span>
    </p>

    <p class='ocr_par' dir='ltr' id='par_1_9' title="bbox 478 1888 2112 1999">
     <span class='ocr_line' id='line_1_21' title="bbox 530 1888 2112 1939; baseline 0.004 -16"><span class='ocrx_word' id='word_1_137' title='bbox 530 1888 564 1935; x_wconf 76' lang='lat'>³)</span> <span class='ocrx_word' id='word_1_138' title='bbox 590 1889 668 1924; x_wconf 87' lang='lat' dir='ltr'>Hac</span> <span class='ocrx_word' id='word_1_139' title='bbox 694 1898 963 1938; x_wconf 62' lang='grc' dir='ltr'><strong><em>παρεπιγραφῆι,</em></strong></span> <span class='ocrx_word' id='word_1_140' title='bbox 988 1891 1027 1927; x_wconf 90' lang='lat' dir='ltr'>in</span> <span class='ocrx_word' id='word_1_141' title='bbox 1053 1894 1161 1927; x_wconf 88' lang='lat' dir='ltr'>textu</span> <span class='ocrx_word' id='word_1_142' title='bbox 1192 1894 1276 1938; x_wconf 89' lang='lat' dir='ltr'>post</span> <span class='ocrx_word' id='word_1_143' title='bbox 1303 1891 1438 1929; x_wconf 77' lang='lat' dir='ltr'>vs.107</span> <span class='ocrx_word' id='word_1_144' title='bbox 1457 1893 1569 1934; x_wconf 80' lang='lat' dir='ltr'>lecta,</span> <span class='ocrx_word' id='word_1_145' title='bbox 1588 1892 1723 1939; x_wconf 88' lang='lat' dir='ltr'>utique</span> <span class='ocrx_word' id='word_1_146' title='bbox 1742 1895 1873 1928; x_wconf 82' lang='lat' dir='ltr'>tamen</span> <span class='ocrx_word' id='word_1_147' title='bbox 1890 1892 1967 1928; x_wconf 87' lang='lat' dir='ltr'>huc</span> <span class='ocrx_word' id='word_1_148' title='bbox 1983 1895 2112 1929; x_wconf 56' lang='lat' dir='ltr'>trans·</span> 
     </span>
     <span class='ocr_line' id='line_1_22' title="bbox 478 1950 2112 1999; baseline 0.002 -15"><span class='ocrx_word' id='word_1_149' title='bbox 478 1951 666 1995; x_wconf 84' lang='lat' dir='ltr'>ponenda,</span> <span class='ocrx_word' id='word_1_150' title='bbox 681 1953 813 1985; x_wconf 88' lang='lat' dir='ltr'>utrum</span> <span class='ocrx_word' id='word_1_151' title='bbox 833 1950 940 1996; x_wconf 83' lang='lat' dir='ltr'>lyrae</span> <span class='ocrx_word' id='word_1_152' title='bbox 958 1960 1073 1985; x_wconf 86' lang='lat' dir='ltr'>sonus</span> <span class='ocrx_word' id='word_1_153' title='bbox 1091 1961 1140 1985; x_wconf 85' lang='lat' dir='ltr'>an</span> <span class='ocrx_word' id='word_1_154' title='bbox 1160 1950 1273 1986; x_wconf 92' lang='lat' dir='ltr'>boum</span> <span class='ocrx_word' id='word_1_155' title='bbox 1294 1951 1468 1996; x_wconf 87' lang='lat' dir='ltr'>mugitus</span> <span class='ocrx_word' id='word_1_156' title='bbox 1484 1951 1738 1997; x_wconf 86' lang='lat' dir='ltr'>significetur,</span> <span class='ocrx_word' id='word_1_157' title='bbox 1755 1951 1856 1998; x_wconf 79' lang='lat' dir='ltr'>apud</span> <span class='ocrx_word' id='word_1_158' title='bbox 1875 1952 2112 1999; x_wconf 79' lang='lat' dir='ltr'>interpreta-</span> 
     </span>
    </p>
   </div>
   <div class='ocr_carea' id='block_1_6' title="bbox 478 2010 2169 2064">
    <p class='ocr_par' dir='ltr' id='par_1_10' title="bbox 478 2010 2169 2064">
     <span class='ocr_line' id='line_1_23' title="bbox 478 2010 2169 2064; baseline 0.002 -21"><span class='ocrx_word' id='word_1_159' title='bbox 478 2012 581 2043; x_wconf 86' lang='lat' dir='ltr'>tores</span> <span class='ocrx_word' id='word_1_160' title='bbox 613 2020 688 2045; x_wconf 88' lang='lat' dir='ltr'>non</span> <span class='ocrx_word' id='word_1_161' title='bbox 722 2012 874 2045; x_wconf 84' lang='lat' dir='ltr'>constat</span> <span class='ocrx_word' id='word_1_162' title='bbox 906 2020 1030 2056; x_wconf 87' lang='lat' dir='ltr'>neque</span> <span class='ocrx_word' id='word_1_163' title='bbox 1060 2021 1079 2044; x_wconf 91' lang='lat' dir='ltr'>e</span> <span class='ocrx_word' id='word_1_164' title='bbox 1105 2013 1213 2045; x_wconf 89' lang='lat' dir='ltr'>textu</span> <span class='ocrx_word' id='word_1_165' title='bbox 1240 2010 1387 2045; x_wconf 81' lang='lat' dir='ltr'>tradito</span> <span class='ocrx_word' id='word_1_166' title='bbox 1413 2010 1508 2045; x_wconf 84' lang='lat' dir='ltr'>satis</span> <span class='ocrx_word' id='word_1_167' title='bbox 1535 2011 1668 2057; x_wconf 89' lang='lat' dir='ltr'>liquet.</span> <span class='ocrx_word' id='word_1_168' title='bbox 1695 2010 1878 2057; x_wconf 84' lang='lat' dir='ltr'><strong>Equidem</strong></span> <span class='ocrx_word' id='word_1_169' title='bbox 1907 2011 2002 2047; x_wconf 82' lang='lat' dir='ltr'>mihi</span> <span class='ocrx_word' id='word_1_170' title='bbox 2027 2022 2108 2047; x_wconf 85' lang='lat' dir='ltr'>rem</span> <span class='ocrx_word' id='word_1_171' title='bbox 2168 2061 2169 2064; x_wconf 10' lang='grc' dir='ltr'><strong>Ἰ</strong></span> 
     </span>
    </p>
   </div>
   <div class='ocr_carea' id='block_1_7' title="bbox 474 2068 2141 3178">
    <p class='ocr_par' dir='ltr' id='par_1_11' title="bbox 476 2068 2141 2359">
     <span class='ocr_line' id='line_1_24' title="bbox 478 2068 2111 2118; baseline 0.002 -15"><span class='ocrx_word' id='word_1_172' title='bbox 478 2068 530 2103; x_wconf 80' lang='lat' dir='ltr'>sic</span> <span class='ocrx_word' id='word_1_173' title='bbox 568 2069 686 2114; x_wconf 82' lang='lat' dir='ltr'>fingo:</span> <span class='ocrx_word' id='word_1_174' title='bbox 725 2079 840 2104; x_wconf 90' lang='lat' dir='ltr'>sonus</span> <span class='ocrx_word' id='word_1_175' title='bbox 876 2069 1034 2115; x_wconf 84' lang='lat' dir='ltr'>quidam</span> <span class='ocrx_word' id='word_1_176' title='bbox 1069 2080 1188 2115; x_wconf 84' lang='lat' dir='ltr'>vagus</span> <span class='ocrx_word' id='word_1_177' title='bbox 1221 2072 1262 2104; x_wconf 87' lang='lat' dir='ltr'>et</span> <span class='ocrx_word' id='word_1_178' title='bbox 1297 2070 1468 2105; x_wconf 89' lang='lat' dir='ltr'>incertus</span> <span class='ocrx_word' id='word_1_179' title='bbox 1506 2069 1733 2117; x_wconf 80' lang='lat' dir='ltr'><strong>Satyrorum</strong></span> <span class='ocrx_word' id='word_1_180' title='bbox 1773 2069 2111 2118; x_wconf 81' lang='lat' dir='ltr'>spectatorumque&#39;</span> 
     </span>
     <span class='ocr_line' id='line_1_25' title="bbox 478 2126 2109 2177; baseline 0.002 -15"><span class='ocrx_word' id='word_1_181' title='bbox 478 2128 636 2163; x_wconf 78' lang='lat' dir='ltr'>auribus</span> <span class='ocrx_word' id='word_1_182' title='bbox 661 2128 883 2175; x_wconf 78' lang='lat' dir='ltr'>percipitur.</span> <span class='ocrx_word' id='word_1_183' title='bbox 906 2128 1150 2174; x_wconf 77' lang='lat' dir='ltr'>Spectatores</span> <span class='ocrx_word' id='word_1_184' title='bbox 1175 2128 1320 2164; x_wconf 87' lang='lat' dir='ltr'>eruditi</span> <span class='ocrx_word' id='word_1_185' title='bbox 1344 2132 1459 2176; x_wconf 85' lang='lat' dir='ltr'>atque</span> <span class='ocrx_word' id='word_1_186' title='bbox 1477 2129 1573 2164; x_wconf 83' lang='lat' dir='ltr'>artis</span> <span class='ocrx_word' id='word_1_187' title='bbox 1591 2133 1832 2176; x_wconf 75' lang='grc' dir='ltr'>κιθαριστικῆσ</span> <span class='ocrx_word' id='word_1_188' title='bbox 1847 2126 1949 2165; x_wconf 79' lang='lat' dir='ltr'>haud</span> <span class='ocrx_word' id='word_1_189' title='bbox 1968 2128 2109 2177; x_wconf 68' lang='lat' dir='ltr'>ignari,</span> 
     </span>
     <span class='ocr_line' id='line_1_26' title="bbox 477 2186 2110 2235; baseline 0.002 -14"><span class='ocrx_word' id='word_1_190' title='bbox 477 2186 541 2232; x_wconf 85' lang='lat' dir='ltr'>qui</span> <span class='ocrx_word' id='word_1_191' title='bbox 568 2187 620 2222; x_wconf 88' lang='lat' dir='ltr'>sit</span> <span class='ocrx_word' id='word_1_192' title='bbox 645 2197 760 2222; x_wconf 87' lang='lat' dir='ltr'>sonus</span> <span class='ocrx_word' id='word_1_193' title='bbox 785 2187 851 2222; x_wconf 86' lang='lat' dir='ltr'>ille</span> <span class='ocrx_word' id='word_1_194' title='bbox 877 2198 952 2222; x_wconf 92' lang='lat' dir='ltr'>non</span> <span class='ocrx_word' id='word_1_195' title='bbox 979 2187 1175 2232; x_wconf 83' lang='lat' dir='ltr'>dubitant,</span> <span class='ocrx_word' id='word_1_196' title='bbox 1201 2190 1243 2223; x_wconf 86' lang='lat' dir='ltr'>at</span> <span class='ocrx_word' id='word_1_197' title='bbox 1269 2187 1400 2234; x_wconf 82' lang='lat' dir='ltr'>Satyri</span> <span class='ocrx_word' id='word_1_198' title='bbox 1419 2190 1556 2230; x_wconf 79' lang='grc' dir='ltr'>ἄμουσοι</span> <span class='ocrx_word' id='word_1_199' title='bbox 1575 2188 1859 2235; x_wconf 82' lang='lat' dir='ltr'>exspectatione</span> <span class='ocrx_word' id='word_1_200' title='bbox 1875 2199 1946 2224; x_wconf 82' lang='lat' dir='ltr'>sua</span> <span class='ocrx_word' id='word_1_201' title='bbox 1963 2191 2110 2224; x_wconf 83' lang='lat' dir='ltr'>temere</span> 
     </span>
     <span class='ocr_line' id='line_1_27' title="bbox 476 2246 2107 2295; baseline 0.001 -14"><span class='ocrx_word' id='word_1_202' title='bbox 476 2246 686 2290; x_wconf 82' lang='lat' dir='ltr'>credentes,</span> <span class='ocrx_word' id='word_1_203' title='bbox 712 2257 810 2293; x_wconf 80' lang='lat' dir='ltr'>quae</span> <span class='ocrx_word' id='word_1_204' title='bbox 835 2250 1004 2293; x_wconf 81' lang='lat' dir='ltr'>sperant,</span> <span class='ocrx_word' id='word_1_205' title='bbox 1031 2246 1143 2282; x_wconf 89' lang='lat' dir='ltr'>boum</span> <span class='ocrx_word' id='word_1_206' title='bbox 1171 2258 1253 2282; x_wconf 87' lang='lat' dir='ltr'>esse</span> <span class='ocrx_word' id='word_1_207' title='bbox 1279 2247 1471 2293; x_wconf 86' lang='lat' dir='ltr'>mugitum</span> <span class='ocrx_word' id='word_1_208' title='bbox 1486 2247 1599 2283; x_wconf 80' lang='lat' dir='ltr'>facile</span> <span class='ocrx_word' id='word_1_209' title='bbox 1621 2247 1694 2283; x_wconf 87' lang='lat' dir='ltr'>sibi</span> <span class='ocrx_word' id='word_1_210' title='bbox 1712 2248 1957 2294; x_wconf 76' lang='lat' dir='ltr'>persuadent.</span> <span class='ocrx_word' id='word_1_211' title='bbox 1970 2247 2107 2295; x_wconf 86' lang='lat' dir='ltr'>Itaque</span> 
     </span>
     <span class='ocr_line' id='line_1_28' title="bbox 477 2306 2141 2359; baseline 0.001 -19"><span class='ocrx_word' id='word_1_212' title='bbox 477 2308 623 2340; x_wconf 87' lang='lat' dir='ltr'>ceteros</span> <span class='ocrx_word' id='word_1_213' title='bbox 649 2306 868 2351; x_wconf 75' lang='lat' dir='ltr'>hortantur,</span> <span class='ocrx_word' id='word_1_214' title='bbox 893 2309 939 2341; x_wconf 83' lang='lat' dir='ltr'>ut</span> <span class='ocrx_word' id='word_1_215' title='bbox 964 2316 1123 2352; x_wconf 77' lang='lat' dir='ltr'>propere</span> <span class='ocrx_word' id='word_1_216' title='bbox 1150 2306 1337 2341; x_wconf 81' lang='lat' dir='ltr'>accedant</span> <span class='ocrx_word' id='word_1_217' title='bbox 1361 2306 1532 2353; x_wconf 85' lang='lat' dir='ltr'>itemque</span> <span class='ocrx_word' id='word_1_218' title='bbox 1558 2317 1672 2342; x_wconf 84' lang='lat' dir='ltr'>aures</span> <span class='ocrx_word' id='word_1_219' title='bbox 1699 2307 1886 2353; x_wconf 78' lang='lat' dir='ltr'>arrigant.</span> <span class='ocrx_word' id='word_1_220' title='bbox 2138 2355 2141 2359; x_wconf 91' lang='lat'>.</span> 
     </span>
    </p>

    <p class='ocr_par' dir='ltr' id='par_1_12' title="bbox 475 2364 2108 2649">
     <span class='ocr_line' id='line_1_29' title="bbox 524 2364 2106 2412; baseline 0.002 -13"><span class='ocrx_word' id='word_1_221' title='bbox 524 2364 630 2405; x_wconf 86' lang='lat' dir='ltr'>Quod</span> <span class='ocrx_word' id='word_1_222' title='bbox 656 2364 704 2400; x_wconf 85' lang='lat' dir='ltr'>ad</span> <span class='ocrx_word' id='word_1_223' title='bbox 730 2375 859 2400; x_wconf 87' lang='lat' dir='ltr'>vocem</span> <span class='ocrx_word' id='word_1_224' title='bbox 885 2368 1020 2409; x_wconf 67' lang='grc' dir='ltr'><strong><em>ῥοῖβδοο·</em></strong></span> <span class='ocrx_word' id='word_1_225' title='bbox 1043 2365 1200 2411; x_wconf 81' lang='lat' dir='ltr'>attinet,</span> <span class='ocrx_word' id='word_1_226' title='bbox 1225 2365 1403 2411; x_wconf 81' lang='lat' dir='ltr'>designat</span> <span class='ocrx_word' id='word_1_227' title='bbox 1428 2365 1635 2412; x_wconf 86' lang='lat' dir='ltr'>strepitum</span> <span class='ocrx_word' id='word_1_228' title='bbox 1662 2365 2003 2411; x_wconf 84' lang='lat' dir='ltr'>vehementiorem,</span> <span class='ocrx_word' id='word_1_229' title='bbox 2019 2376 2052 2402; x_wconf 84' lang='lat' dir='ltr'>e.</span> <span class='ocrx_word' id='word_1_230' title='bbox 2069 2377 2106 2412; x_wconf 83' lang='lat' dir='ltr'>g.</span> 
     </span>
     <span class='ocr_line' id='line_1_30' title="bbox 477 2423 2108 2472; baseline 0.001 -14"><span class='ocrx_word' id='word_1_231' title='bbox 477 2424 576 2458; x_wconf 83' lang='lat' dir='ltr'>aeris</span> <span class='ocrx_word' id='word_1_232' title='bbox 591 2424 718 2459; x_wconf 86' lang='lat' dir='ltr'>avium</span> <span class='ocrx_word' id='word_1_233' title='bbox 735 2424 807 2459; x_wconf 82' lang='lat' dir='ltr'>alis</span> <span class='ocrx_word' id='word_1_234' title='bbox 831 2424 1078 2459; x_wconf 84' lang='lat' dir='ltr'>vehementer</span> <span class='ocrx_word' id='word_1_235' title='bbox 1094 2424 1277 2459; x_wconf 87' lang='lat' dir='ltr'>commoti</span> <span class='ocrx_word' id='word_1_236' title='bbox 1296 2424 1424 2471; x_wconf 90' lang='lat' dir='ltr'>(Soph.</span> <span class='ocrx_word' id='word_1_237' title='bbox 1443 2425 1534 2461; x_wconf 86' lang='lat' dir='ltr'>Ant.</span> <span class='ocrx_word' id='word_1_238' title='bbox 1552 2423 1658 2468; x_wconf 84' lang='grc'><strong>1004)</strong></span> <span class='ocrx_word' id='word_1_239' title='bbox 1677 2425 1735 2460; x_wconf 85' lang='lat' dir='ltr'>vel</span> <span class='ocrx_word' id='word_1_240' title='bbox 1754 2425 1926 2460; x_wconf 86' lang='lat' dir='ltr'>tonitrus</span> <span class='ocrx_word' id='word_1_241' title='bbox 1941 2424 2108 2472; x_wconf 84' lang='lat' dir='ltr'>(Aristo-</span> 
     </span>
     <span class='ocr_line' id='line_1_31' title="bbox 477 2483 2107 2531; baseline 0.001 -13"><span class='ocrx_word' id='word_1_242' title='bbox 477 2483 591 2529; x_wconf 86' lang='lat' dir='ltr'>phan.</span> <span class='ocrx_word' id='word_1_243' title='bbox 610 2483 708 2520; x_wconf 92' lang='lat' dir='ltr'>Nub.</span> <span class='ocrx_word' id='word_1_244' title='bbox 733 2483 814 2528; x_wconf 89' lang='lat'><strong>407,</strong></span> <span class='ocrx_word' id='word_1_245' title='bbox 841 2484 1016 2530; x_wconf 87' lang='lat' dir='ltr'>Aeschyl.</span> <span class='ocrx_word' id='word_1_246' title='bbox 1031 2483 1230 2519; x_wconf 88' lang='lat' dir='ltr'>Eumenid.</span> <span class='ocrx_word' id='word_1_247' title='bbox 1243 2484 1313 2520; x_wconf 82' lang='lat'>407</span> <span class='ocrx_word' id='word_1_248' title='bbox 1330 2487 1506 2530; x_wconf 71' lang='grc' dir='ltr'><strong><em>ῥοιβδοῦσα</em></strong></span> <span class='ocrx_word' id='word_1_249' title='bbox 1524 2487 1647 2520; x_wconf 77' lang='grc' dir='ltr'><strong><em>κόλπον</em></strong></span> <span class='ocrx_word' id='word_1_250' title='bbox 1663 2485 1824 2531; x_wconf 62' lang='lat' dir='ltr'>acriam).</span> <span class='ocrx_word' id='word_1_251' title='bbox 1843 2484 1966 2520; x_wconf 82' lang='lat' dir='ltr'>Huius</span> <span class='ocrx_word' id='word_1_252' title='bbox 1983 2484 2107 2531; x_wconf 81' lang='lat' dir='ltr'>igitur</span> 
     </span>
     <span class='ocr_line' id='line_1_32' title="bbox 477 2542 2106 2591; baseline 0.001 -15"><span class='ocrx_word' id='word_1_253' title='bbox 477 2543 583 2588; x_wconf 84' lang='lat' dir='ltr'>lyrae</span> <span class='ocrx_word' id='word_1_254' title='bbox 609 2553 723 2577; x_wconf 87' lang='lat' dir='ltr'>sonus</span> <span class='ocrx_word' id='word_1_255' title='bbox 755 2553 872 2589; x_wconf 85' lang='lat' dir='ltr'>quam</span> <span class='ocrx_word' id='word_1_256' title='bbox 906 2543 1050 2590; x_wconf 87' lang='lat' dir='ltr'>optime</span> <span class='ocrx_word' id='word_1_257' title='bbox 1076 2553 1165 2578; x_wconf 89' lang='lat' dir='ltr'>voce</span> <span class='ocrx_word' id='word_1_258' title='bbox 1191 2545 1328 2589; x_wconf 64' lang='grc' dir='ltr'><strong><em>ροιβὸωι</em></strong></span> <span class='ocrx_word' id='word_1_259' title='bbox 1353 2543 1592 2589; x_wconf 83' lang='lat' dir='ltr'>designatur.</span> <span class='ocrx_word' id='word_1_260' title='bbox 1617 2543 1671 2580; x_wconf 83' lang='lat' dir='ltr'>Cf.</span> <span class='ocrx_word' id='word_1_261' title='bbox 1697 2542 1768 2579; x_wconf 86' lang='lat'>255</span> <span class='ocrx_word' id='word_1_262' title='bbox 1792 2542 2106 2591; x_wconf 68' lang='grc' dir='ltr'>(διαχαράσσεται),</span> 
     </span>
     <span class='ocr_line' id='line_1_33' title="bbox 475 2600 1660 2649; baseline 0.002 -14"><span class='ocrx_word' id='word_1_263' title='bbox 475 2600 546 2635; x_wconf 80' lang='lat'>278</span> <span class='ocrx_word' id='word_1_264' title='bbox 569 2600 724 2647; x_wconf 66' lang='grc' dir='ltr'>(βρέμον)</span> <span class='ocrx_word' id='word_1_265' title='bbox 749 2604 789 2636; x_wconf 76' lang='lat' dir='ltr'>et</span> <span class='ocrx_word' id='word_1_266' title='bbox 814 2602 946 2648; x_wconf 82' lang='lat' dir='ltr'>hymn.</span> <span class='ocrx_word' id='word_1_267' title='bbox 973 2613 1025 2636; x_wconf 86' lang='lat' dir='ltr'>vs.</span> <span class='ocrx_word' id='word_1_268' title='bbox 1050 2601 1109 2647; x_wconf 79' lang='grc'>54,</span> <span class='ocrx_word' id='word_1_269' title='bbox 1133 2601 1205 2637; x_wconf 75' lang='lat'>420</span> <span class='ocrx_word' id='word_1_270' title='bbox 1227 2601 1444 2648; x_wconf 69' lang='grc' dir='ltr'>(σμερδαλέον</span> <span class='ocrx_word' id='word_1_271' title='bbox 1469 2601 1660 2649; x_wconf 64' lang='grc' dir='ltr'>κονάβησε).</span> 
     </span>
    </p>

    <p class='ocr_par' dir='ltr' id='par_1_13' title="bbox 474 2660 2106 2885">
     <span class='ocr_line' id='line_1_34' title="bbox 527 2660 2106 2708; baseline 0.001 -13"><span class='ocrx_word' id='word_1_272' title='bbox 527 2661 563 2706; x_wconf 78' lang='lat'>⁴)</span> <span class='ocrx_word' id='word_1_273' title='bbox 600 2660 742 2696; x_wconf 87' lang='lat' dir='ltr'>Versus</span> <span class='ocrx_word' id='word_1_274' title='bbox 780 2661 976 2704; x_wconf 87' lang='lat' dir='ltr'>molestus,</span> <span class='ocrx_word' id='word_1_275' title='bbox 1007 2671 1120 2707; x_wconf 90' lang='lat' dir='ltr'>quem</span> <span class='ocrx_word' id='word_1_276' title='bbox 1157 2660 1307 2696; x_wconf 79' lang='lat' dir='ltr'>medela</span> <span class='ocrx_word' id='word_1_277' title='bbox 1341 2660 1466 2696; x_wconf 80' lang='lat' dir='ltr'>adhuc</span> <span class='ocrx_word' id='word_1_278' title='bbox 1492 2671 1602 2707; x_wconf 87' lang='lat' dir='ltr'>egere</span> <span class='ocrx_word' id='word_1_279' title='bbox 1628 2661 1774 2708; x_wconf 82' lang='lat' dir='ltr'>opinor.</span> <span class='ocrx_word' id='word_1_280' title='bbox 1800 2661 2004 2707; x_wconf 79' lang='lat' dir='ltr'>Tragicam</span> <span class='ocrx_word' id='word_1_281' title='bbox 2031 2661 2106 2697; x_wconf 88' lang='lat' dir='ltr'>lin-</span> 
     </span>
     <span class='ocr_line' id='line_1_35' title="bbox 474 2718 2105 2767; baseline 0.002 -14"><span class='ocrx_word' id='word_1_282' title='bbox 474 2729 591 2764; x_wconf 83' lang='lat' dir='ltr'>guam</span> <span class='ocrx_word' id='word_1_283' title='bbox 618 2720 664 2753; x_wconf 67' lang='grc' dir='ltr'>δι’</span> <span class='ocrx_word' id='word_1_284' title='bbox 689 2721 774 2754; x_wconf 67' lang='lat' dir='ltr'>«indo</span> <span class='ocrx_word' id='word_1_285' title='bbox 796 2718 921 2766; x_wconf 73' lang='grc' dir='ltr'>(ὤτων)</span> <span class='ocrx_word' id='word_1_286' title='bbox 945 2719 1095 2766; x_wconf 85' lang='lat' dir='ltr'>exigere</span> <span class='ocrx_word' id='word_1_287' title='bbox 1120 2722 1223 2755; x_wconf 85' lang='lat' dir='ltr'>recte</span> <span class='ocrx_word' id='word_1_288' title='bbox 1251 2723 1408 2755; x_wconf 87' lang='lat' dir='ltr'>monent</span> <span class='ocrx_word' id='word_1_289' title='bbox 1433 2719 1606 2755; x_wconf 84' lang='lat' dir='ltr'>Diehlius</span> <span class='ocrx_word' id='word_1_290' title='bbox 1633 2723 1673 2755; x_wconf 90' lang='lat' dir='ltr'>et</span> <span class='ocrx_word' id='word_1_291' title='bbox 1689 2720 1928 2756; x_wconf 81' lang='lat' dir='ltr'>PearsoniuS.</span> <span class='ocrx_word' id='word_1_292' title='bbox 1954 2719 2105 2767; x_wconf 79' lang='lat' dir='ltr'>Cf.e.g.</span> 
     </span>
     <span class='ocr_line' id='line_1_36' title="bbox 475 2777 2104 2826; baseline 0.001 -13"><span class='ocrx_word' id='word_1_293' title='bbox 475 2778 516 2814; x_wconf 92' lang='lat' dir='ltr'>O.</span> <span class='ocrx_word' id='word_1_294' title='bbox 551 2779 592 2813; x_wconf 84' lang='lat' dir='ltr'>R.</span> <span class='ocrx_word' id='word_1_295' title='bbox 626 2777 731 2823; x_wconf 86' lang='lat'><strong>1387,</strong></span> <span class='ocrx_word' id='word_1_296' title='bbox 765 2779 854 2814; x_wconf 81' lang='lat' dir='ltr'>Ant.</span> <span class='ocrx_word' id='word_1_297' title='bbox 887 2778 993 2814; x_wconf 86' lang='grc'><strong>1188.</strong></span> <span class='ocrx_word' id='word_1_298' title='bbox 1027 2778 1268 2823; x_wconf 77' lang='lat' dir='ltr'>Pearsonius,</span> <span class='ocrx_word' id='word_1_299' title='bbox 1292 2781 1338 2814; x_wconf 89' lang='lat' dir='ltr'>ut</span> <span class='ocrx_word' id='word_1_300' title='bbox 1363 2779 1461 2814; x_wconf 82' lang='lat' dir='ltr'>hanc</span> <span class='ocrx_word' id='word_1_301' title='bbox 1488 2779 1758 2815; x_wconf 80' lang='lat' dir='ltr'>difficultatem</span> <span class='ocrx_word' id='word_1_302' title='bbox 1784 2780 1922 2815; x_wconf 81' lang='lat' dir='ltr'>tollat:</span> <span class='ocrx_word' id='word_1_303' title='bbox 1947 2781 2104 2826; x_wconf 71' lang='grc' dir='ltr'>ῥοίβδημ’</span> 
     </span>
     <span class='ocr_line' id='line_1_37' title="bbox 475 2831 1154 2885; baseline 0.003 -14"><span class='ocrx_word' id='word_1_304' title='bbox 475 2841 533 2872; x_wconf 65' lang='grc' dir='ltr'>ἐάν</span> <span class='ocrx_word' id='word_1_305' title='bbox 557 2853 591 2872; x_wconf 85' lang='grc' dir='ltr'>τι</span> <span class='ocrx_word' id='word_1_306' title='bbox 617 2841 683 2872; x_wconf 81' lang='grc' dir='ltr'>τῶν</span> <span class='ocrx_word' id='word_1_307' title='bbox 709 2837 787 2885; x_wconf 66' lang='grc' dir='ltr'>[ἔσω</span> <span class='ocrx_word' id='word_1_308' title='bbox 813 2836 917 2885; x_wconf 78' lang='grc' dir='ltr'><strong>πρὸ]σ</strong></span> <span class='ocrx_word' id='word_1_309' title='bbox 939 2831 997 2873; x_wconf 68' lang='grc' dir='ltr'>οῧσ</span> <span class='ocrx_word' id='word_1_310' title='bbox 1021 2836 1154 2885; x_wconf 81' lang='grc' dir='ltr'><strong><em>[μόληι.</em></strong></span> 
     </span>
    </p>

    <p class='ocr_par' dir='ltr' id='par_1_14' title="bbox 474 2896 2105 3178">
     <span class='ocr_line' id='line_1_38' title="bbox 525 2896 2104 2944; baseline 0.001 -13"><span class='ocrx_word' id='word_1_311' title='bbox 525 2896 559 2942; x_wconf 80' lang='lat'>⁶)</span> <span class='ocrx_word' id='word_1_312' title='bbox 583 2896 810 2932; x_wconf 81' lang='lat' dir='ltr'>Rectissime</span> <span class='ocrx_word' id='word_1_313' title='bbox 845 2896 1080 2942; x_wconf 83' lang='lat' dir='ltr'>Koettgenia</span> <span class='ocrx_word' id='word_1_314' title='bbox 1113 2897 1138 2933; x_wconf 94' lang='lat'>1.</span> <span class='ocrx_word' id='word_1_315' title='bbox 1157 2897 1180 2933; x_wconf 93' lang='lat'>1.</span> <span class='ocrx_word' id='word_1_316' title='bbox 1212 2897 1281 2932; x_wconf 83' lang='lat'>56:</span> <span class='ocrx_word' id='word_1_317' title='bbox 1319 2897 1436 2943; x_wconf 85' lang='lat' dir='ltr'><strong>„Vox,</strong></span> <span class='ocrx_word' id='word_1_318' title='bbox 1470 2907 1586 2944; x_wconf 82' lang='lat' dir='ltr'>quam</span> <span class='ocrx_word' id='word_1_319' title='bbox 1614 2897 1743 2942; x_wconf 80' lang='lat' dir='ltr'>audio,</span> <span class='ocrx_word' id='word_1_320' title='bbox 1766 2900 1848 2932; x_wconf 78' lang='lat' dir='ltr'>tam</span> <span class='ocrx_word' id='word_1_321' title='bbox 1875 2897 2006 2933; x_wconf 86' lang='lat' dir='ltr'>tenuis</span> <span class='ocrx_word' id='word_1_322' title='bbox 2032 2899 2104 2942; x_wconf 84' lang='lat' dir='ltr'>est,</span> 
     </span>
     <span class='ocr_line' id='line_1_39' title="bbox 475 2955 2105 3002; baseline 0.001 -12"><span class='ocrx_word' id='word_1_323' title='bbox 475 2958 519 2990; x_wconf 87' lang='lat' dir='ltr'>ut</span> <span class='ocrx_word' id='word_1_324' title='bbox 545 2966 567 2990; x_wconf 82' lang='lat' dir='ltr'>a</span> <span class='ocrx_word' id='word_1_325' title='bbox 592 2955 716 2990; x_wconf 86' lang='lat' dir='ltr'>bubus</span> <span class='ocrx_word' id='word_1_326' title='bbox 740 2958 874 2991; x_wconf 89' lang='lat' dir='ltr'>utrum</span> <span class='ocrx_word' id='word_1_327' title='bbox 901 2955 1071 3002; x_wconf 81' lang='lat' dir='ltr'>profecta</span> <span class='ocrx_word' id='word_1_328' title='bbox 1095 2955 1148 2991; x_wconf 85' lang='lat' dir='ltr'>sit</span> <span class='ocrx_word' id='word_1_329' title='bbox 1173 2966 1303 3002; x_wconf 86' lang='lat' dir='ltr'>necne,</span> <span class='ocrx_word' id='word_1_330' title='bbox 1329 2955 1568 3002; x_wconf 83' lang='lat' dir='ltr'>distinguere</span> <span class='ocrx_word' id='word_1_331' title='bbox 1594 2966 1669 2991; x_wconf 88' lang='lat' dir='ltr'>non</span> <span class='ocrx_word' id='word_1_332' title='bbox 1696 2956 1905 3002; x_wconf 85' lang='lat' dir='ltr'>possimus3</span> <span class='ocrx_word' id='word_1_333' title='bbox 1933 2955 1998 2991; x_wconf 85' lang='lat' dir='ltr'>sed</span> <span class='ocrx_word' id='word_1_334' title='bbox 2017 2966 2105 3002; x_wconf 88' lang='lat' dir='ltr'>per-</span> 
     </span>
     <span class='ocr_line' id='line_1_40' title="bbox 474 3014 2104 3062; baseline 0.001 -14"><span class='ocrx_word' id='word_1_335' title='bbox 474 3014 605 3060; x_wconf 81' lang='lat' dir='ltr'>spicua</span> <span class='ocrx_word' id='word_1_336' title='bbox 643 3018 734 3049; x_wconf 83' lang='lat' dir='ltr'>sunt</span> <span class='ocrx_word' id='word_1_337' title='bbox 771 3014 946 3061; x_wconf 83' lang='lat' dir='ltr'>vestigia,</span> <span class='ocrx_word' id='word_1_338' title='bbox 984 3025 1082 3061; x_wconf 87' lang='lat' dir='ltr'>quae</span> <span class='ocrx_word' id='word_1_339' title='bbox 1119 3014 1202 3050; x_wconf 87' lang='lat' dir='ltr'>sine</span> <span class='ocrx_word' id='word_1_340' title='bbox 1227 3014 1342 3050; x_wconf 87' lang='lat' dir='ltr'>dubio</span> <span class='ocrx_word' id='word_1_341' title='bbox 1367 3015 1415 3051; x_wconf 85' lang='lat' dir='ltr'>ad</span> <span class='ocrx_word' id='word_1_342' title='bbox 1443 3014 1555 3050; x_wconf 86' lang='lat' dir='ltr'>boves</span> <span class='ocrx_word' id='word_1_343' title='bbox 1581 3015 1814 3062; x_wconf 85' lang='lat' dir='ltr'>pertinent.’&#39;</span> <span class='ocrx_word' id='word_1_344' title='bbox 1842 3015 1896 3050; x_wconf 91' lang='lat' dir='ltr'>De</span> <span class='ocrx_word' id='word_1_345' title='bbox 1922 3014 2104 3050; x_wconf 79' lang='lat' dir='ltr'>adverbio</span> 
     </span>
     <span class='ocr_line' id='line_1_41' title="bbox 478 3073 2101 3120; baseline 0.001 -14"><span class='ocrx_word' id='word_1_346' title='bbox 478 3077 577 3119; x_wconf 61' lang='lat' dir='ltr'>copam</span> <span class='ocrx_word' id='word_1_347' title='bbox 599 3073 738 3119; x_wconf 77' lang='lat' dir='ltr'>(clare)</span> <span class='ocrx_word' id='word_1_348' title='bbox 762 3074 809 3109; x_wconf 84' lang='lat' dir='ltr'>cf.</span> <span class='ocrx_word' id='word_1_349' title='bbox 834 3084 932 3120; x_wconf 80' lang='lat' dir='ltr'>quae</span> <span class='ocrx_word' id='word_1_350' title='bbox 958 3073 1161 3109; x_wconf 84' lang='lat' dir='ltr'>dissseruit</span> <span class='ocrx_word' id='word_1_351' title='bbox 1186 3073 1419 3119; x_wconf 81' lang='lat' dir='ltr'>Koettgenia</span> <span class='ocrx_word' id='word_1_352' title='bbox 1446 3074 1469 3110; x_wconf 91' lang='grc'>1.</span> <span class='ocrx_word' id='word_1_353' title='bbox 1490 3075 1512 3111; x_wconf 93' lang='grc'>1.</span> <span class='ocrx_word' id='word_1_354' title='bbox 1540 3085 1625 3120; x_wconf 78' lang='lat' dir='ltr'>pag.</span> <span class='ocrx_word' id='word_1_355' title='bbox 1651 3074 1700 3108; x_wconf 76' lang='lat'>94</span> <span class='ocrx_word' id='word_1_356' title='bbox 1723 3077 1764 3109; x_wconf 86' lang='lat' dir='ltr'>et</span> <span class='ocrx_word' id='word_1_357' title='bbox 1787 3073 2035 3110; x_wconf 85' lang='lat' dir='ltr'>Leeuwenius</span> <span class='ocrx_word' id='word_1_358' title='bbox 2053 3073 2101 3108; x_wconf 76' lang='lat' dir='ltr'>ad</span> 
     </span>
     <span class='ocr_line' id='line_1_42' title="bbox 475 3132 1180 3178; baseline 0.003 -12"><span class='ocrx_word' id='word_1_359' title='bbox 475 3132 720 3178; x_wconf 64' lang='lat' dir='ltr'>Aristophani.</span> <span class='ocrx_word' id='word_1_360' title='bbox 747 3132 828 3167; x_wconf 81' lang='lat' dir='ltr'>Ran</span> <span class='ocrx_word' id='word_1_361' title='bbox 856 3132 962 3178; x_wconf 74' lang='lat'><strong>4102,</strong></span> <span class='ocrx_word' id='word_1_362' title='bbox 988 3132 1073 3169; x_wconf 82' lang='lat' dir='ltr'>Pae.</span> <span class='ocrx_word' id='word_1_363' title='bbox 1098 3132 1180 3168; x_wconf 77' lang='lat'>381.</span> 
     </span>
    </p>
   </div>
  </div>
 </body>
</html>
