2274 3750
1194 314 1431 357 —10-

555 441 634 487 40.
663 443 827 495 ὀρθίοισι
860 444 933 483 σὺν
961 443 1193 495 κηρύγμασι.
1224 443 1289 486 Cf.
1313 443 1450 499 Soph.
1474 443 1543 486 El.
1566 444 1652 486 683
1673 445 1822 496 ὀρθίων
1843 427 2124 499 κηρυγμάτῷν,

497 513 654 569 Antig.
689 513 816 556 1206.
1839 531 1842 533 ·

555 653 634 699 44.
677 655 880 708 κυνηγέσω
922 659 967 698 et
1008 670 1072 700 vs.
1117 655 1172 698 75
1204 656 1468 710 ἐκκυνηγέσαι.
1501 656 1568 699 Do
1601 655 1740 701 verbo
1772 657 2020 710 κυνηγέσσειν
2049 657 2124 715 (of.

498 727 650 780 ἐρέσσω,
684 726 895 782 πυρέσσω),
927 727 1049 770 unde
1082 726 1168 770 hae
1200 728 1373 770 formae
1405 727 1631 783 originem
1654 728 1852 781 trahant,
1875 728 1996 771 lectu
2017 732 2126 771 sunt

498 797 781 853 dignissima,
815 811 931 854 quae
954 797 1144 854 protulit
1162 797 1373 842 Maasius.
1393 798 1509 842 Berl.
1529 798 1647 843 Phil.
1668 799 1827 843 Woeh.
1848 800 1974 852 1912,
1996 799 2123 843 1076.

499 868 565 912 Of.
599 872 647 911 et
676 868 925 912 editionem
959 869 1325 912 Pearsonianam.

555 1009 633 1055 45.
667 1009 800 1068 t[‹i]r³
832 1008 1046 1068 ἄγγε[λό]σ
1068 1010 1102 1067 l)
1133 1027 1199 1063 μοι
1232 1011 1405 1064 κείμενον
1437 1010 1648 1068 χρ[·υ]σὸ[ν
1679 1011 1831 1069 σ]τέφε.

555 1082 622 1125 Cf.
671 1083 727 1125 38
765 1070 914 1134 ῑιιισίῗὸσ
954 1080 1040 1123 ’ἐσθ’
1083 1083 1103 1122 ὁ
1145 1083 1330 1135 κείμενοσ.
1374 1081 1511 1125 Redit
1551 1096 1718 1125 aurum
1760 1098 1824 1127 VS.
1871 1084 1925 1126 72
1957 1082 2125 1139 ἀρίζηλα

494 1161 638 1208 χρυσοῦ
680 1152 988 1207 παραδείγματα
1029 1156 1074 1196 et
1114 1167 1179 1196 VS.
1224 1152 1309 1196 156
1352 1151 1531 1194 πλοῦτον
1573 1152 1613 1194 δὲ·
1645 1154 1930 1209 χρυσόφαντον,
1964 1155 2018 1198 ef.
2051 1155 2122 1209 50,

495 1225 594 1268 202.
629 1224 774 1276 Quale
806 1224 892 1267 hoo
923 1237 1090 1268 aurum
1122 1223 1253 1267 nobis
1285 1224 1343 1267 sit
1375 1223 1686 1280 cogitandum,
1717 1239 1812 1268 non
1833 1225 1942 1268 satis
1963 1225 2122 1283 liquet.

497 1294 723 1338 Robertus
746 1295 794 1350 2),
828 1309 967 1352 quem
999 1295 1205 1352 sequitur
1236 1294 1567 1338 Muensoherus
1588 1295 1637 1352 3),
1671 1309 1885 1339 eoronam
1917 1296 2124 1353 praemio

493 1366 650 1409 datam
692 1381 787 1410 esse
830 1366 985 1420 eredit,
1029 1365 1152 1424 quod
1195 1366 1293 1410 coll.
1338 1365 1477 1410 verbo
1524 1366 1678 1419 στέφειν
1725 1366 1834 1410 satis
1875 1366 2122 1411 verisimile

496 1437 742 1491 videretur,
774 1438 863 1481 nisi
894 1452 958 1482 VS.
994 1437 1078 1481 157
1111 1439 1206 1489 ὑμῖν
1238 1437 1449 1491 obstaret,
1483 1437 1606 1480 unde
1637 1451 1803 1481 aurum
1835 1437 1993 1495 aequis
2023 1453 2124 1496 par-

499 1509 623 1552 tibus
665 1509 968 1553 dividendum
1011 1509 1087 1562 ita,
1130 1512 1182 1552 ut
1223 1523 1305 1551 sua
1346 1509 1538 1566 quisque
1571 1509 1785 1563 auferret,
1818 1508 1876 1553 ab
1908 1509 2123 1566 Apolline

493 1581 772 1637 promissum
805 1595 900 1623 esse
932 1585 1134 1637 apparet.
1154 1580 1378 1623 Nummos
1394 1580 1536 1636 igitur
1553 1580 1818 1637 Apollinem
1841 1579 2123 1624 distribuisse

493 1651 733 1694 credamus
744 1653 765 1695 ⁶?
805 1652 978 1694 Mirum
1016 1666 1110 1694 non
1151 1655 1280 1705 esset,
1319 1665 1429 1694 nam
1471 1651 1527 1694 de
1569 1665 1707 1695 aureo
1739 1652 1950 1705 νομίσματι
1982 1651 2120 1695 etiam

494 1722 677 1779 Cyelop.
712 1723 797 1766 160
828 1737 893 1779 sq.
927 1722 1092 1778 agitur,
1124 1721 1204 1765 ubi
1235 1721 1453 1777 legimus:

554 1792 638 1837 ³06.
673 1795 772 1847 πρὸσ
803 1793 917 1835 τῶιδε
949 1793 1083 1846 μέντοι
1112 1795 1176 1834 καὶ
1209 1794 1381 1846 νόμισμα
1412 1792 1598 1845 δώσομεν.

549 1867 612 1905 Σι.
644 1863 750 1921 χάλα
782 1866 852 1906 τὸν
884 1866 1006 1906 ἀσκὸν
1035 1865 1173 1917 μόνον·
1206 1862 1251 1905 ’ἔα
1283 1866 1328 1904 τὸ
1360 1865 1529 1919 χρυσίον.

550 1950 633 1978 neo
675 1935 873 1979 obstaret
915 1935 1109 1980 verbum
1146 1936 1314 1989 στέφε-ιν,
1348 1935 1469 1992 quod
1503 1935 1662 1991 utique
1694 1935 1946 1978 tenendum
1978 1940 2046 1979 est
2076 1940 2122 1979 et

490 2006 545 2049 (le
567 2006 668 2050 aliis
691 2007 960 2050 muneribus
982 2007 1190 2064 usurpari
1214 2006 1370 2050 solere.
1395 2007 1461 2050 Of.
1485 2006 1610 2050 Aiae.
1635 2008 1691 2049 93
1714 2008 1780 2047 καί
1807 2021 1846 2047 σὲ
1878 2008 2120 2063 παγχρύσοισ

489 2077 564 2127 ἐγὼ
636 2079 774 2131 στέψω
805 2078 998 2132 λαφύροισ
1029 2078 1144 2132 τῆσδε
1173 2086 1245 2131 τῆσ
1266 2078 1393 2132 ἄγρασ
1414 2078 1539 2134 χάριν,
1564 2077 1671 2121 Ant.
1697 2078 1780 2120 431
1805 2086 1930 2133 χοαῖσι
1951 2078 2118 2131 στέφειν,

491 2148 557 2192 El.
587 2150 656 2203 53,
686 2151 784 2204 458,
814 2150 1027 2207 Aeschyl.
1056 2149 1177 2206 Sept.
1212 2150 1281 2202 50,
1315 2150 1404 2191 264
1435 2148 1532 2206 (ubi
1565 2149 1726 2192 eadem
1759 2149 2035 2193 constructio
2065 2164 2119 2192 ac

490 2225 643 2264 nostro
674 2222 772 2265 loeo
801 2221 1045 2279 reperitur:
1080 2221 1292 2274 ἐσθήματα
1331 2220 1469 2274 στέψω
1511 2221 1649 2270 ἁγνοῑσ
1679 2219 1846 2277 δόμοισ).

549 2293 652 2335 Vox
694 2292 861 2344 &melon
901 2293 1012 2349 quid
1055 2291 1280 2348 significet
1322 2305 1414 2334 non
1455 2290 1608 2344 video;
1651 2305 1801 2348 neque
1843 2291 2120 2348 Terzaghius

489 2365 718 2408 coniciens
738 2365 866 2418 στέφει
889 2369 934 2407 et
954 2367 1158 2408 vertens:
1186 2363 1355 2416 „allora
1376 2376 1440 2405 un
1461 2361 1617 2405 araldo
1640 2363 1909 2406 m'ineoroni
1931 2362 2119 2406 dell’oro

489 2435 571 2479 che
600 2439 649 2478 tu
678 2436 753 2479 hai
782 2435 990 2492 pronto'',
1019 2449 1167 2491 neque
1195 2434 1525 2477 Muensoherus
1552 2434 1708 2490 legens
1735 2434 1820 2475 τότ’
1853 2432 2021 2486 ἀγγέλωι
2051 2451 2118 2487 μοι

489 2506 574 2548 κτλ.
619 2508 727 2550 satis
770 2507 1129 2563 explicaverunt,
1174 2520 1279 2549 oum
1321 2520 1414 2548 non
1457 2505 1538 2548 uni
1581 2505 1734 2548 Sileno
1776 2514 1849 2547 τοῦ
1889 2503 2118 2557 εὐαγγελίου

490 2580 615 2628 ἕνεκα,
644 2579 720 2621 sed
744 2577 957 2621 omnibus
979 2577 1130 2634 potius
1152 2577 1325 2633 Satyris
1348 2585 1420 2629 τὴσ
1441 2577 1567 2630 immo
1588 2577 1700 2631 χάριν
1732 2591 1897 2619 aurum
1930 2576 2117 2633 promit-

490 2653 623 2692 tatur.
659 2650 820 2706 ]taque
854 2652 1054 2706 praestat
1085 2649 1285 2701 fortasse,
1319 2648 1440 2704 quod
1474 2648 1629 2691 reiecit
1661 2647 1887 2690 Diehlius:

549 2723 593 2761 τὸ
624 2721 701 2775 γὰρ
731 2721 849 2774 γέρασ
880 2719 1018 2776 (quod.
1051 2719 1238 2762 ductum
1274 2719 1531 2762 litterarum
1553 2719 1699 2762 sinere
1722 2718 1858 2762 niodo
1879 2718 2115 2774 annotavi)

540 2911 574 2956 ¹)
606 2910 684 2945 The
720 2911 803 2945 first
836 2910 878 2945 of
907 2910 973 2944 the
1008 2912 1084 2945 two
1116 2920 1293 2955 gannnas
1321 2909 1351 2944 is
1378 2912 1445 2944 not
1471 2908 1577 2955 quite
1602 2909 1706 2944 clear
1730 2908 1804 2944 aud
1834 2920 1922 2955 may
1948 2908 2114 2955 possibly

486 2969 531 3004 be
557 2985 576 3012 (ι
599 2980 642 3004 01·
666 2982 694 3005 σ.
719 2969 872 3016 (Hunt.)

537 3027 571 3072 ²)
598 3028 725 3065 Herm.
750 3028 857 3071 1912,
882 3039 968 3074 pag.
994 3027 1098 3063 550¹).

538 3089 573 3133 ³)
601 3087 695 3122 Mus.
723 3087 792 3124 Rh.
819 3087 922 3132 1914,
949 3098 1034 3134 pag.
1061 3087 1131 3122 ⁴170
1155 3098 1235 3133 sqq.
