2274 3750
888 331 1123 375 —21-

453 462 592 504 κείνων
623 462 764 516 ἐναργῆ
797 469 879 503 τῶν
910 461 1062 519 β[ο]ῶν
1093 467 1242 514 μαθεῖν
1275 464 1398 517 πάρα.
1426 465 1458 519 1)

456 531 625 586 (subito
656 546 777 577 nova
808 547 879 576 res
909 533 1052 576 oculis
1084 548 1243 577 eorum
1275 534 1503 593 obicitur.)

454 602 500 644 ’έα
529 602 656 655 μάλα·

453 673 736 728 παλινστραφῆ
768 691 828 716 τοι
859 677 925 717 ναὶ
955 677 1014 728 μὰ
1046 676 1123 716 Δία
1154 677 1207 718 τὰ
1238 677 1417 731 βήματα·

451 747 507 786 εἷο·
539 744 770 799 τοῦμπαλιν
801 745 980 800 δέδορκεν
1012 742 1079 787 αὖ·
1101 747 1135 802 2)
1168 747 1260 788 τάδ)
1291 747 1415 791 εἴσιδε.

254 815 416 872 Χορ.α”.
464 817 643 872 (ceteris
674 818 1097 874 appropinquantes
1129 817 1241 861 dum
1274 822 1319 862 et
1349 819 1435 876 ipsi
1474 834 1648 863 novum
1682 816 1816 862 mira-

509 887 666 931 culum
700 889 1120 944 animadvertunt1)

451 960 490 999 τί
520 960 599 1000 ἐστὶ
632 960 767 1009 τουτί;
791 959 826 1016 3)
859 960 922 1000 rio
952 961 973 1000 ὁ
1005 960 1158 1013 τρόποσ
1189 968 1262 1002 τοῦ
1295 961 1526 1014 τάγματοσ,·
1547 961 1583 1016 4)

448 1030 549 1088 εἰ[ο·]
581 1031 759 1072 τούπίσω
791 1032 843 1071 τὰ
876 1031 1048 1085 πρόσθεν
1080 1030 1288 1084 ἤλλακται,

449 1102 724 1158 (agnoscunt
767 1102 960 1158 vestigia
991 1102 1112 1145 intel·
1143 1117 1188 1145 se
1222 1103 1445 1161 confusa.)
1476 1105 1528 1145 τὰ
1559 1103 1596 1145 δ’
1629 1100 1683 1144 αὖ

449 1173 598 1214 ἐναντί’
629 1170 833 1225 ἀλλήλοισι
863 1172 1261 1231 συμπ[επλεγ]μένα.

448 1242 576 1284 δεινὸσ
605 1245 806 1298 κυκησμὸσ
835 1241 932 1300 εἷχ[ε
963 1246 1033 1285 τὸν
1063 1242 1308 1301 βοη]λάτην.
1326 1245 1362 1302 5)

240 1384 308 1428 De
356 1385 442 1428 hac
484 1385 610 1428 chori
652 1389 780 1442 parte
822 1386 936 1429 haec
978 1386 1214 1430 sufficiunt
1254 1391 1391 1444 atque
1433 1388 1568 1431 credo
1599 1381 1811 1445 Sophocli

181 1456 438 1513 contigisse,
471 1459 523 1499 ut
553 1456 718 1513 hymni
749 1461 1022 1514 argumento
1043 1457 1206 1514 lepidis
1226 1458 1444 1512 versibus,
1469 1459 1547 1502 sed
1569 1459 1811 1516 praecipue

181 1526 385 1584 gestibus
416 1531 462 1571 et
491 1527 669 1571 actione
701 1542 871 1572 novam
902 1528 1047 1573 vitam
1069 1528 1325 1586 inspiraret.
1349 1529 1651 1574 Verissimum
1670 1530 1812 1586 igitur

180 1598 298 1643 mihi
345 1599 540 1653 videtur,
584 1600 707 1656 quod
748 1603 903 1643 nostro
945 1600 1001 1643 de
1042 1600 1140 1642 loco
1171 1600 1279 1643 fecit
1310 1600 1540 1658 Allegrius
1570 1601 1808 1654 iudicium,

181 1669 275 1728 qui*
309 1670 373 1714 sic
419 1669 576 1714 scribit
615 1670 667 1728 (l.
701 1670 730 1715 l.
771 1685 875 1728 pag.
920 1670 1044 1726 254):
1093 1671 1235 1725 „Mais
1277 1685 1335 1714 θη
1376 1671 1484 1728 quoi
1527 1672 1719 1715 consiste
1752 1687 1810 1716 en

179 1741 340 1786 realite
383 1745 499 1785 cette
540 1741 730 1785 chasse?
771 1741 844 1786 En
884 1741 1048 1785 danses
1090 1745 1135 1785 et
1177 1756 1234 1785 en
1266 1756 1446 1786 courses
1476 1743 1618 1796 folles,
1653 1757 1711 1786 en
1741 1758 1810 1787 ca-

179 1811 346 1861 brioles
381 1811 688 1866 inattendues,
723 1826 780 1855 en
812 1812 1095 1855 contorsions
1126 1816 1170 1856 et
1202 1827 1260 1855 en
1291 1811 1508 1856 attitudes
1540 1814 1567 1856 a
1598 1829 1647 1857 ce
1678 1814 1810 1871 point

178 1882 387 1938 bizarres,
429 1897 519 1941 que
559 1883 603 1927 le
646 1883 784 1928 vieux
827 1883 993 1937 Silene,
1036 1883 1225 1927 habitue
1267 1887 1487 1940 pourtant
1517 1898 1610 1927 aux
1641 1884 1808 1929 allures

179 1954 506 2012 capricolantes
548 1955 605 1998 de
646 1968 716 1998 ses
757 1954 841 2010 fils,
884 1969 942 1998 θη
983 1958 1050 1998 est
1091 1955 1257 1998 etonne
1300 1959 1345 1998 et
1376 1955 1554 2012 choque
1573 1989 1701 2000 .....
1735 1957 1805 2010 Et,

34 2076 40 2089 ι
178 2038 238 2069 θη
283 2024 380 2079 fait,
422 2028 494 2068 cet
535 2025 719 2082 episode
760 2029 827 2068 est
868 2028 1048 2068 surtout
1078 2039 1142 2067 un
1175 2025 1396 2082 spectacle
1428 2040 1545 2082 pour
1575 2025 1640 2070 les
1670 2041 1805 2084 yeux,

178 2108 271 2140 une
311 2098 431 2141 sorte
462 2095 519 2139 de
550 2094 704 2149 ballet,
737 2096 964 2152 exigeant,
997 2110 1114 2153 pour
1147 2098 1240 2139 etre
1273 2096 1462 2139 execute
1493 2111 1603 2140 avec
1635 2101 1734 2141 tout
1765 2098 1806 2141 le

181 2163 279 2209 brio
320 2165 584 2220 necessaire‚
633 2165 712 2209 des
743 2169 922 2209 acteurs
953 2166 1280 2223 specialement
1311 2167 1506 2219 exerces,
1539 2167 1676 2212 d⁷une
1708 2183 1807 2212 sou-

36 2228 62 2271 .'
119 2230 126 2235 ’
177 2235 321 2294 plesse
354 2240 399 2280 et
430 2236 567 2280 d’une
599 2236 754 2293 agilite
786 2251 923 2291 rareS‚
956 2237 1035 2280 des
1066 2237 1311 2282 veritables
1338 2237 1518 2281 clowns.
1542 2238 1668 2282 Dans
1690 2243 1806 2283 cette

177 2307 324 2365 partie
364 2307 421 2351 de
462 2308 507 2352 la
546 2308 687 2365 piece,
721 2308 779 2352 οὺ
810 2322 964 2351 aucun
996 2308 1074 2352 des
1105 2323 1412 2366 personnages
1442 2309 1717 2367 principaux
1747 2326 1805 2354 ne

228 2450 263 2496 ι)
287 2449 445 2486 Locutio
470 2449 574 2485 redit
598 2449 721 2497 340),
746 2449 922 2496 Aeschyl.
949 2449 1116 2496 Choeph.
1142 2449 1225 2496 972,
1251 2449 1339 2485 Eur.
1363 2450 1444 2486 Alc.
1461 2449 1803 2498 341,Aristophan.

177 2508 288 2556 Vesp.
313 2507 396 2545 316.

227 2569 263 2614 ²)
287 2568 454 2604 Ghorum
480 2568 655 2604 novitate
679 2568 735 2604 rei
763 2567 819 2603 bis
844 2567 946 2603 idem
965 2567 1091 2603 dicere
1110 2579 1183 2603 non
1203 2571 1262 2603 est
1280 2568 1511 2603 mirandum.
1530 2568 1669 2615 Papyri
1683 2569 1805 2605 inter-

176 2627 423 2674 punctionem
458 2626 541 2663 sine
567 2627 671 2663 iusta
696 2637 813 2663 causa
840 2630 998 2662 mutans
1025 2627 1180 2663 Wilam.
1207 2627 1262 2662 sic
1287 2627 1513 2673 distinguit:
1539 2632 1589 2662 εἰσ
1612 2630 1804 2670 τοῦμπαλιν

174 2689 339 2734 δέδορκεν.
363 2690 452 2722 αὐτὰ
476 2688 509 2721 δ’
533 2689 645 2722 εἴσιδε.

227 2746 264 2793 ⁸)
289 2746 383 2793 Ista,
405 2757 504 2793 quae
531 2757 595 2782 vos
621 2746 846 2793 repperistis
873 2746 1045 2792 vestigia.

227 2806 259 2849 δ)
295 2805 349 2842 cf.
383 2805 496 2852 Soph.
530 2805 570 2841 O.
605 2805 648 2842 R.
681 2805 729 2841 99
763 2811 816 2840 τίσ
846 2808 863 2839 ὁ
899 2808 1018 2851 τρόποσ
1052 2811 1112 2850 τῆσ
1147 2809 1322 2851 ξυμφορᾶσ,
1349 2816 1538 2851 quaenam
1565 2806 1803 2841 calamitatis

175 2865 276 2901 ratio
311 2875 356 2901 ac
391 2867 537 2900 natura
573 2868 644 2910 est,
679 2875 755 2911 qua
792 2864 838 2900 de
872 2864 972 2900 vocis
1004 2867 1127 2911 τρόποσ
1159 2864 1440 2910 significatione
1473 2864 1555 2899 susc
1588 2865 1803 2912 disputavit

175 2923 366 2970 Kuipcrus
392 2923 532 2961 Mnem.
557 2923 662 2970 1908,
688 2935 773 2971 pag.
789 2923 862 2959 424
878 2934 958 2970 sqq.
976 2923 1062 2959 Vid.
1079 2927 1120 2959 et
1138 2923 1225 2960 Eur.
1246 2923 1438 2959 phoeniss.
1455 2923 1538 2968 390,
1555 2924 1801 2971 Aristophan.

174 2981 262 3029 Lys.
286 2982 344 3029 25,
370 2983 466 3019 Ran.
491 2982 573 3020 565.

225 3039 264 3088 ⁸)
289 3041 344 3078 of.
370 3042 510 3088 Hymn.
529 3042 642 3078 Mero.
660 3041 707 3078 14
723 3043 888 3089 ληιστῆρ’,
906 3045 1052 3089 ἐλατῆρα
1069 3045 1158 3084 βοῶν
1174 3044 1244 3078 κτλ.
1263 3041 1352 3076 Post
1370 3042 1471 3077 hunc
1489 3053 1638 3077 versum
1657 3053 1800 3087 omnes,

24 3091 50 3140 ’,
114 3148 117 3150 ¹
176 3100 314 3136 melius
340 3104 386 3136 ut
410 3101 658 3148 perspiciant,
682 3100 791 3136 humi
817 3111 898 3136 sese
924 3104 1187 3147 prosternunt.
