2274 3750
1164 310 1399 352 ,24-

470 444 724 487 identidem
765 441 888 498 apud
932 441 1288 496 Aristophanem
1320 439 1560 483 Platonem
1591 440 1704 483 alios
1739 439 1870 499 redit,
1907 453 1965 482 ex
1997 439 2096 496 qui·

470 515 555 558 bus
576 514 799 570 plurimos
819 512 940 555 locos
962 511 1187 568 excerpsit
1208 510 1508 555 Leeuwenius
1529 511 1587 554 ad
1611 511 1748 554 Arist.
1773 510 1888 555 Ran.
1912 524 1977 555 vs,
1995 510 2095 554 202„

532 655 616 700 128
633 669 698 711 sq.
731 654 850 698 Cum
883 654 1126 696 Pearsonio
1157 653 1220 696 sic
1251 653 1373 709 lego:

725 723 843 782 ἀ[λλ)
875 726 923 766 οὐ
955 725 1016 766 τίσ
1046 723 1149 781 ἤχε]ι
1180 725 1339 779 κέρχνοσ
1370 723 1570 780 ἱμείρει[σ]
1601 730 1773 776 pastam

727 797 790 854 τ[ι’
821 795 925 849 δῆτα
955 795 1129 852 σιγ]ᾶθ’,
1162 796 1209 836 οῖ’
1228 795 1329 852 πρ[ὸ
1361 802 1433 836 τοῦ
1465 793 1743 852 λαλίστ]ατοι,·

532 869 712 924 Λέρχνον
759 881 853 910 esse
900 880 1065 910 sonum
1111 880 1318 919 raucum,
1365 865 1444 909 sed
1491 865 1630 908 etiam
1676 865 1945 909 stridentem
1987 865 2100 920 (dof-

471 940 687 997 piepend)
718 939 921 982 Galenus
952 937 1010 981 ab
1042 937 1222 980 Huntio
1254 938 1418 980 citatus
1435 937 1470 992 1)
1502 951 1585 979 nos
1616 937 1759 980 docet.
1793 936 1931 980 Redit
1971 949 2100 980 voca·

470 1011 637 1054 bulum
668 1011 718 1053 in
748 1010 833 1065 frg.
869 1009 1031 1052 Inachi
1062 1008 1200 1065 Soph.
1247 1009 1407 1064 Τραχὺσ
1437 1005 1612 1064 χελώνησ
1641 1007 1800 1062 κέρχνοσ
1830 1006 2099 1055 ἐξανίσταται.

470 1083 638 1139 (Pears.
670 1082 723 1125 fr.
759 1081 876 1138 279).
955 1086 959 1089 '

535 1153 592 1197 Ut
633 1153 770 1196 modo
813 1152 977 1208 Satyri,
1019 1152 1084 1195 sic
1115 1166 1240 1194 nune
1273 1150 1458 1194 Silenus
1489 1149 1670 1194 audivit
1701 1150 1887 1207 quidem
1920 1163 2101 1204 sonum,

470 1225 554 1278 sed¹
593 1237 762 1279 vagum
812 1223 963 1266 adhuc
1005 1236 1155 1279 neque
1208 1221 1320 1279 quid
1371 1221 1540 1265 habeat
1590 1220 1762 1264 insoliti
1819 1221 2101 1278 distinguere

470 1295 632 1352 potuit.
675 1294 838 1350 Itaque
870 1293 966 1350 ipse
999 1293 1126 1336 omni
1158 1293 1322 1335 timore
1354 1306 1540 1346 vacuus,
1575 1292 1745 1335 exilem
1775 1306 1941 1335 sonum
1971 1291 2098 1336 haud

470 1365 724 1409 terribilem
765 1365 1013 1408 aestimans
1054 1368 1184 1408 torvo
1226 1363 1360 1408 vultu
1401 1367 1552 1419 rogat:
1603 1363 1792 1417 „Nonne
1838 1377 1977 1406 sonus
2023 1362 2101 1406 ille

475 1437 587 1494 quid
629 1436 715 1479 sibi
757 1436 869 1480 velit
910 1435 1023 1479 scire
1062 1435 1227 1492 cupitis
1239 1435 1303 1489 ‘?'',
1335 1438 1580 1491 negaturos
1613 1449 1700 1494 eos,
1734 1434 1858 1491 quod
1889 1434 2104 1478 dominus

473 1511 614 1564 roget,
658 1522 752 1550 non
795 1507 982 1550 credens
1023 1510 1175 1563 atque,
1213 1507 1252 1549 si
1282 1520 1442 1551 revera
1473 1520 1519 1549 se
1552 1520 1717 1562 cupere
1748 1505 2103 1562 respondissent,

475 1580 627 1622 denuo
669 1593 744 1621 eos
781 1578 1074 1622 excitaturus,
1107 1577 1171 1620 At
1201 1581 1359 1620 contra
1391 1591 1576 1620 omnem
1608 1577 1996 1634 exspectationem
2027 1576 2104 1620 Sa-

477 1650 568 1707 tyri
599 1650 665 1693 nil
697 1649 988 1706 respondent.
1021 1648 1115 1693 Vix
1146 1648 1288 1704 igitur
1319 1648 1484 1692 deinde
1507 1647 1593 1691 sibi
1615 1651 1879 1705 temperans
1897 1647 2105 1704 increpat

474 1736 571 1765 eos:
606 1722 646 1762 τί
676 1720 779 1774 δῆτα
809 1724 961 1770 σιγᾶθ’,
994 1720 1030 1760 οἱ
1061 1721 1139 1774 πρὸ
1170 1726 1244 1760 τοῦ
1276 1717 1530 1773 λαλίστατοι;

533 1792 636 1835 Hoc
668 1791 804 1834 modo
836 1792 873 1834 si
906 1791 1279 1847 interpretamur,
1314 1789 1651 1834 Wilamowitzii
1684 1789 1944 1834 coniectura
1975 1789 2107 1844 ἲμείρω

478 1878 560 1920 pro
593 1863 792 1920 ῖμείρει[σ]
825 1876 1110 1919 supervacua
1141 1865 1221 1905 est.

531 2004 615 2050 131.
647 2005 714 2048 De
747 2004 886 2049 verbo
917 2004 1195 2057 ἀπονοσφίζειν
1227 2004 1409 2061 (vitare)
1439 2004 1544 2048 Wil.
1578 2008 1682 2060 apte
1717 2007 1952 2060 comparat
1974 2002 2026 2047 O.
2051 2002 2106 2046 R.

476 2077 562 2120 480
594 2078 645 2117 τὰ
677 2074 915 2129 μεσόμφαλα
944 2083 1023 2128 γᾶσ
1054 2075 1347 2128 ἀπονοσφίζων.
1382 2075 1448 2118 Cf.
1482 2074 1622 2118 etiam
1651 2074 1841 2118 Philoct.
1866 2073 1953 2117 979
1974 2075 1996 2114 ὃ
2016 2072 2108 2122 ξυλ-

475 2147 614 2203 λαβών
644 2165 691 2200 με
723 2147 1023 2199 κᾶπονοσφίσασ
1048 2143 1200 2189 ὅπλων.
1226 2145 1462 2203 Participii
1483 2145 1584 2201 ἔχων
1605 2145 1729 2189 idem
1752 2149 1820 2189 est
1840 2158 1950 2188 usus
1969 2148 2108 2202 atque

477 2234 541 2263 vs.
577 2219 677 2262 127.

536 2360 632 2405 133.
693 2360 800 2404 Post
842 2360 969 2403 chori
1015 2359 1384 2402 adhortationem
1433 2357 1614 2402 Silenus
1659 2372 1908 2415 parumper
1955 2362 2110 2401 tacens

478 2433 684 2475 intentus
715 2431 954 2484 auscultat,
987 2434 1035 2474 at
1066 2430 1302 2474 silentium
1334 2430 1461 2473 nullo
1494 2444 1603 2473 sono
1635 2430 1880 2487 rumpitur.

539 2503 709 2547 Versus
739 2503 926 2545 initium
948 2505 1013 2543 καὶ
1037 2510 1126 2543 mim
1146 2502 1432 2558 indignantis
1454 2505 1521 2544 est
1542 2506 1587 2544 et
1609 2501 1746 2544 fidem
1770 2515 1863 2543 non
1885 2500 2110 2554 habentis,

484 2575 538 2618 cf.
573 2575 658 2617 292
692 2576 756 2614 καὶ
780 2581 868 2614 πῶσ
890 2575 1074 2626 πίθωμαι
1098 2577 1142 2616 et
1163 2573 1387 2630 plurimos
1408 2573 1528 2616 locos
1550 2587 1576 2616 a
1597 2572 1870 2616 Leeuwenio
1891 2572 1949 2616 ad
1970 2571 2110 2616 Arist.

485 2645 604 2688 Nub.
631 2645 715 2687 210
733 2645 906 2687 citatos.
924 2644 1069 2697 Idem,
1089 2643 1200 2700 quid
1218 2643 1399 2686 intersit
1415 2643 1535 2686 inter
1552 2644 1709 2685 ἀκούειν
1726 2645 1908 2696 (sonum
1925 2642 2112 2687 auribus

486 2715 736 2772 percipere)
754 2719 799 2758 et
815 2714 946 2757 κλύειν
962 2715 1113 2772 (aures
1129 2714 1363 2772 praebere)
1382 2714 1553 2771 optime
1577 2715 1787 2770 exposuit
1803 2715 1861 2758 ad
1879 2713 2110 2771 Aristoph.

484 2787 599 2829 Ran.
635 2786 763 2840 1175,
797 2786 851 2828 cf.
886 2785 1097 2842 Aeschyl.
1128 2785 1278 2828 Prom.
1303 2785 1403 2838 448,
1427 2785 1536 2828 Eur.
1561 2785 1730 2828 Phoen.
1756 2786 1854 2828 919.
1878 2785 1951 2829 Sic
1972 2785 2114 2842 igitur

483 2871 640 2901 versus
687 2857 957 2901 vertendus:
1010 2857 1095 2910 „Et
1137 2870 1228 2913 quo
1261 2856 1447 2899 tandem
1481 2856 1616 2899 modo
1648 2856 1896 2913 quicquam
1927 2854 2114 2899 auribus

539 3024 571 3068 ¹)
602 3022 722 3058 Gloss.
756 3022 932 3069 Hip'pocr.
966 3022 1100 3068 (Kiihn
1135 3021 1234 3066 XIX,
1268 3031 1354 3068 pag.
1390 3021 1502 3068 111):
1536 3025 1557 3066 ἡ
1583 3024 1758 3068 τραχύτησ
1779 3028 1844 3066 τῆσ
1865 3025 2033 3068 φάρυγγοσ
2057 3020 2115 3056 vel

493 3083 498 3091 ¹
526 3085 560 3115 ἓν
586 3086 645 3115 τῶι
672 3084 832 3123 πνείμονι
860 3084 972 3122 ψὸφοσ.
1000 3081 1054 3118 Cf.
1082 3092 1133 3116 vs.
1161 3081 1231 3116 154
1253 3082 1362 3119 κόλαξ.
