2274 3750
1178 377 1409 421 *34-

483 507 615 559 Quod
656 510 812 550 autem
853 506 1162 563 Vollgraffius,
1210 508 1354 551 Leoni
1395 507 1693 565 adstipulans,
1735 508 1926 553 ianuam
1955 508 2113 554 abesse

480 577 609 620 nullo
640 578 777 621 modo
809 578 1009 634 potuisse
1039 579 1289 633 contendit,
1321 593 1493 633 vereor,
1525 593 1584 623 ne
1610 583 1741 634 erret,
1766 594 1875 623 nam
1897 594 2033 624 causa
2053 580 2112 625 ab

482 663 533 691 eo
575 648 736 692 allata:
785 649 943 703 „Patet
971 649 1119 704 illum,
1153 650 1233 707 qui
1264 650 1378 694 haec
1409 651 1533 706 dicit,
1565 650 1757 708 pedibus
1787 651 1962 695 irruere
1993 650 2112 696 velle

479 719 529 762 in
574 719 764 763 ianuam
811 719 1067 777 quandam;
1117 725 1288 764 terram
1335 722 1460 765 enim
1506 722 1543 765 si
1589 722 1704 779 pede
1755 723 1904 777 ferias,
1957 723 2114 767 nullus

480 790 645 835 evadat
666 805 816 846 sonus,
835 805 926 848 quo
947 791 1021 835 vel
1043 792 1168 835 surdi
1191 792 1381 836 excitari
1398 793 1631 850 possint.’',
1649 793 1761 837 haec
1779 808 1915 838 causa
1930 793 2114 851 longius

479 861 692 905 arcessita
722 862 918 916 videtur,
951 877 1058 907 cum
1089 863 1357 920 praesertim
1389 864 1445 907 de
1477 869 1611 917 antro,
1640 864 1696 908 de
1718 864 1816 908 lo'co
1837 865 1980 921 igitur
1999 878 2113 911 cavo

478 936 614 989 atque
646 937 900 987 resonante,
934 934 1010 977 hic
1040 938 1216 991 agatur.
1250 934 1449 978 Roberto
1467 935 1501 993 l)
1533 935 1715 979 deinde*
1731 936 1867 992 plane
1889 936 2112 980 assentior

478 1004 667 1047 ianuam
698 1009 853 1049 nostro
885 1005 983 1049 loco
1014 1006 1346 1052 alienissimam
1378 1021 1486 1050 esse.
1519 1007 1681 1063 Itaque
1725 1007 1926 1064 Cyllene,
1969 1006 2113 1052 Sileni

479 1075 678 1119 calcibus
710 1078 920 1131 excitata,
954 1078 1112 1122 eodem
1146 1078 1241 1122 fere
1273 1078 1409 1122 modo
1441 1092 1498 1122 ex
1526 1079 1696 1122 montis
1717 1079 1925 1123 cavernis
1945 1078 2111 1136 prodit,
2160 1116 2164 1125 i

480 1154 570 1203 quo
612 1147 843 1205 Aristoph.
888 1148 975 1193 Av.
1019 1149 1076 1193 60
1118 1148 1290 1206 Epopis
1331 1149 1541 1193 minister
1571 1153 1617 1193 et
1647 1163 1757 1193 mox
1789 1149 1871 1202 (vs.
1909 1150 1984 1205 92)
2015 1149 2112 1208 ipse

478 1217 632 1275 Epops
664 1232 688 1261 e
719 1232 832 1276 rupe
864 1220 1147 1276 prodierunt,
1180 1221 1368 1264 fortasse
1399 1235 1507 1278 „per
1527 1234 1716 1264 scaenae
1739 1221 1902 1264 domus
1922 1220 2111 1264 ianuam

479 1292 523 1331 et
569 1290 762 1333 materia
803 1294 847 1334 et
888 1291 1036 1335 colore
1079 1290 1270 1348 rupibus
1310 1292 1376 1335 ita
1417 1291 1823 1346 accommodatam,
1865 1295 1918 1335 ut
1957 1291 2017 1335 ab
2047 1291 2112 1336 eis

479 1359 701 1416 distingui
731 1361 864 1405 facile
895 1376 989 1405 non
1021 1363 1228 1419 posset.'',
1261 1366 1314 1405 ut
1335 1362 1614 1420 Koettgenia
1636 1363 1852 1419 opinatur
1867 1362 1917 1418 2),
1939 1362 2111 1420 Utique

478 1430 620 1486 igitur
665 1446 729 1476 vs.
775 1432 860 1475 195
902 1433 1241 1478 Wilamowitzii
1282 1434 1653 1477 emendationem
1685 1432 1798 1474 ’ἔπιθι
1828 1447 1912 1490 pro
1943 1433 2112 1477 tradita

478 1501 672 1546 lectione
720 1503 835 1544 ἐισιθι
882 1505 1102 1561 praefero,
1151 1519 1257 1548 cum
1304 1505 1419 1546 εἴσιθι
1465 1504 1621 1561 legens
1662 1505 1718 1547 de
1749 1504 1882 1547 aditu
1908 1504 2110 1561 quodam

478 1573 653 1629 patenti
685 1577 823 1630 atque
855 1576 1099 1632 conspicuo
1131 1575 1282 1632 potius
1313 1576 1595 1632 cogitaveris.

537 1726 630 1772 215.
662 1727 863 1784 Cyllene.

537 1808 594 1851 In
626 1809 859 1866 Euripidis
891 1810 1086 1868 Cyclope
1118 1825 1146 1854 a
1177 1811 1362 1854 feminis
1392 1815 1543 1868 partes
1574 1814 1776 1868 aguntur
1797 1811 1964 1865 nullae,
1983 1811 2104 1870 quod

531 2023 564 2067 ¹)
590 2021 704 2060 Ibid.:
745 2023 885 2068 „Ware
910 2023 949 2058 in
977 2023 1049 2059 den
1079 2024 1252 2070 Ἰχνευταί
1277 2023 1338 2059 die
1362 2024 1440 2059 Τϋι·
1465 2024 1571 2059 einer
1593 2026 1694 2070 στέγη
1720 2023 1811 2059 oder
1836 2023 1902 2059 der
1929 2023 2105 2070 Eingang

478 2081 581 2116 cincs
618 2085 717 2117 σπείων
752 2083 824 2118 aus
856 2082 924 2118 der
960 2083 1165 2119 Orchestra
1189 2083 1372 2129 sichtbar,
1398 2095 1438 2119 so
1463 2084 1600 2119 hatten
1627 2083 1706 2118 sich
1733 2082 1794 2118 die
1819 2082 1963 2129 Satyrn
1988 2081 2108 2118 soson-t

478 2140 621 2176 darauf
652 2142 863 2177 losstl'lrzen
903 2146 1070 2188 mussen,
1104 2143 1153 2178 da
1187 2143 1291 2178 dann
1315 2143 1391 2178 ⁴der
1417 2143 1624 2186 Vcrdacht,
1648 2142 1738 2178 dasz
1764 2142 1852 2177 dort
1877 2141 1938 2177 die
1964 2141 2109 2178 Rinder

479 2199 687 2246 verborgen
714 2200 835 2245 scien,
859 2201 940 2236 sich
966 2201 1082 2236 ihnen
1110 2201 1352 2248 ausdrangen
1381 2202 1563 2238 muszte.'’
2144 2238 2146 2240 ,

529 2259 565 2304 ²)
602 2259 691 2305 Pag.
721 2258 779 2295 87.
812 2259 1021 2296 Emersisse
1045 2260 1258 2308 Cyllenam,
1282 2260 1390 2308 quod·
1409 2261 1545 2296 volunt
1570 2259 1760 2296 Robertus
1785 2264 1826 2296 et
1851 2259 2110 2296 Wilamowit-

478 2318 570 2363 zius,
603 2329 623 2353 e
656 2318 784 2354 verbis
807 2319 968 2354 traditis
993 2330 1068 2355 non
1094 2323 1267 2367 apparet.
1296 2320 1327 2354 A
1352 2320 1608 2366 Koettgeniae
1633 2320 1812 2367 opinione
1837 2330 1912 2355 non
1940 2319 2106 2355 multum

479 2377 672 2422 differunt,
709 2389 807 2424 quae
833 2378 1080 2425 Vollgraffius
1113 2377 1279 2426 protulit
1309 2378 1464 2422 (Mncm.
1490 2367 1596 2424 1914,
1621 2390 1708 2426 pag.
1731 2378 1795 2426 86)
1819 2381 1962 2426 putans
1987 2377 2108 2426 ipsius

476 2448 623 2480 scenae,
648 2449 668 2473 e
694 2437 799 2484 ligno
825 2441 1056 2483 exstructae,
1081 2438 1247 2474 frontem
1274 2438 1322 2474 ad
1349 2441 1584 2485 spectatores
1613 2449 1835 2474 conversam
1861 2437 1976 2485 pictis
2000 2447 2108 2472 mon-

478 2496 582 2531 tibus
608 2499 725 2543 atquc
751 2497 953 2533 arboribus
977 2497 1182 2533 obductam
1202 2497 1318 2534 fuisse
1337 2500 1454 2544 atque
1471 2498 1525 2533 sic
1545 2500 1714 2533 montem
1735 2497 1935 2545 Cyllenam
1954 2507 2108 2543 reprae-
2128 2491 2135 2496 ’

477 2554 700 2596 sentavisse.
739 2555 963 2591 Harrisonia
999 2554 1153 2601 (Essays
1189 2555 1267 2590 and
1303 2554 1459 2590 Studies
1493 2566 1590 2602 preS.
1624 2558 1664 2591 to
1698 2555 1871 2592 Williarn
1899 2555 2106 2602 Ridgeway

477 2613 706 2660 Cambridge
730 2613 836 2658 1914,
874 2625 960 2661 pag.
998 2613 1086 2661 136)
1122 2614 1208 2650 coll.
1245 2625 1296 2649 vs.
1335 2613 1406 2650 276
1442 2614 1488 2650 dc
1522 2615 1617 2650 colle
1648 2615 1829 2650 thesauro
1854 2614 2106 2651 subterraneo

476 2671 668 2708 instructo
713 2673 873 2720 cogitat,
916 2673 1016 2720 quod
1063 2673 1269 2720 impugnat
1314 2673 1549 2719 Koettgenia
1592 2674 1695 2721 (pag.
1733 2672 1877 2720 89¹⁴2).
1928 2673 2107 2710 Fricken-

476 2731 635 2767 hausius
673 2731 758 2779 (Die
795 2731 1090 2778 altgriechischc
1129 2731 1275 2769 Biihne.
1313 2731 1557 2779 Straszburg,
1582 2732 1759 2768 Triibncr
1783 2731 1888 2777 1917,
1922 2743 2008 2780 pag.
2041 2725 2106 2780 13)

477 2802 613 2838 parum
641 2791 848 2838 perspicue,
876 2794 920 2827 ut
945 2791 1090 2838 opinor,
1115 2791 1300 2838 explicat:
1328 2791 1422 2836 „Die
1453 2791 1574 2827 Hohle
1599 2791 1738 2827 befand
1765 2791 1845 2827 sich
1871 2791 1925 2827 im
1951 2790 2106 2827 Hinter-

475 2850 641 2897 grunde;
668 2850 758 2886 dasz
784 2850 839 2886 sie
864 2850 1123 2886 unterirdisch
1149 2850 1216 2895 sei,
1241 2850 1372 2886 wurde
1398 2850 1501 2886 dann
1528 2851 1678 2896 ebenso,
1703 2851 1775 2886 wie
1795 2851 1834 2886 in
1853 2850 1924 2886 den
1944 2849 2105 2886 Frieden

475 2909 785 2955 (Fensterbusch.
812 2909 880 2945 Die
909 2909 1042 2945 Biihne
1066 2909 1132 2945 des
1157 2908 1352 2956 Aristoph.
1380 2908 1417 2944 S.
1442 2908 1506 2956 46)
1530 2920 1606 2945 nur
1630 2909 1797 2956 fingiert.
1824 2910 1930 2945 Zwar
1954 2919 2035 2945 war
2050 2908 2105 2944 sie

477 2968 575 3003 wohl
614 2969 728 3003 sehon
768 2979 839 3004 von
879 2968 1031 3014 Anfang
1068 2979 1119 3003 an
1156 2968 1343 3012 sichtbar,
1370 2967 1568 3003 existierte
1601 2968 1693 3004 aber
1719 2969 1781 3003 sfir
1806 2968 1874 3004 das
1898 2968 2000 3015 Spiel
2026 2971 2106 3004 crst

478 3027 547 3062 mit
572 3027 657 3062 dem
686 3027 857 3062 Momcnt
882 3027 951 3062 der
975 3027 1221 3073 Benutzung:
1247 3026 1315 3062 das
1340 3027 1556 3073 entspricht
1582 3027 1666 3063 dem
1697 3027 1843 3063 Brauch
1871 3027 1939 3062 der
1955 3027 2102 3063 iiltercn

476 3085 661 3131 Tragodie
686 3087 777 3131 (vgl.
807 3086 905 3122 Pers.
932 3086 1010 3121 und
1037 3086 1220 3132 Choeph.)
1246 3086 1321 3121 und
1351 3086 1419 3121 der
1444 3087 1548 3121 alten
1568 3086 1788 3124 Komedias’
1814 3086 1954 3122 'l'extus
1972 3089 2101 3121 autem

477 3144 522 3179 de
548 3145 608 3179 his
633 3145 810 3180 omnibus
835 3146 930 3180 certi
958 3145 1012 3180 nil
1039 3145 1196 3181 indicat.
