2274 3750
895 389 955 404 ,-
987 364 1132 407 65-

204 503 206 507 ·
261 491 547 550 C'uicumqu'e
578 494 664 538 hac
695 494 746 536 in
777 495 970 539 materia
996 495 1275 539 versandum
1297 499 1376 551 est,
1399 496 1441 540 ei
1463 511 1604 554 quam
1624 497 1828 541 maxime

203 567 361 607 auctor
402 578 518 618 sum,
561 568 614 607 ut
654 565 828 607 auxilio
869 569 1027 608 utatur
1057 565 1328 609 utilissimae
1361 566 1702 622 dissertationis,
1735 582 1827 625 qua

203 633 258 679 R.
291 635 601 692 Marquartius
619 636 652 693 l)
684 635 836 692 ample
867 640 912 679 et
943 640 1074 680 acute
1106 636 1238 680 nobis
1269 637 1553 682 demonstrat
1584 638 1826 696 Cyclopem

202 704 408 749 fabulam
449 707 677 750 ulterioris
718 707 954 764 Euripidis
995 708 1156 751 aetatis
1188 722 1300 764 opus
1333 722 1427 752 esse
1458 709 1759 754 iudicandum
1778 710 1826 768 2).

61 810 65 818 ,
110 802 139 842 3
203 775 356 821 Huius
387 776 493 820 libri
526 778 673 834 capite
705 779 852 832 tertio,
886 778 964 822 ubi
997 779 1053 822 de
1083 779 1277 823 iambici-3
1300 780 1503 824 trimetris
1524 781 1688 837 agitur,
1712 781 1829 825 Mar-

201 848 411 904 quartius
443 862 603 892 eorum
634 850 818 906 pedum,
853 864 966 907 quos
997 850 1045 892 in
1077 850 1348 906 fragmentis
1379 851 1585 908 satyricis
1607 853 1700 896 iam
1722 856 1829 896 ante

203 917 499 975 Indagatores
521 919 652 963 nobis
684 921 877 977 cognitis
908 921 1092 966 invenit
1122 921 1304 976 solutOS‚
1338 936 1588 966 numerum
1618 927 1827 968 accurate

129 993 136 999 '
203 991 500 1047 computavit,
534 1005 625 1047 quo
657 992 776 1034 facto
808 992 928 1035 hanc
960 992 1092 1035 nobis
1133 993 1370 1049 proposuit
1411 994 1752 1038 conclusionem
1769 995 1828 1051 3):

203 1065 358 1118 poetas
378 1062 428 1104 in
449 1061 632 1106 fabulae
654 1063 876 1119 satyricae
899 1067 1045 1106 metro
1067 1063 1259 1107 minime
1290 1063 1456 1108 liberos
1487 1069 1689 1108 versatos
1720 1080 1828 1120 esse,

202 1133 280 1176 sed
327 1137 485 1176 contra
531 1134 691 1177 ductos
737 1135 937 1191 quodam
974 1135 1228 1179 inveterato
1260 1136 1518 1179 traditionis
1559 1149 1719 1180 amore
1755 1152 1830 1194 pe-

202 1204 316 1247 dum
357 1204 632 1248 solutionem
665 1205 841 1248 modice
874 1207 1195 1249 tantummodo
1226 1207 1504 1263 adhibuisse,
1536 1208 1647 1251 dum
1680 1212 1726 1251 et
1755 1209 1830 1252 hic

203 1275 312 1319 novi
343 1277 562 1332 temporis
594 1277 703 1321 novi
737 1292 885 1320 mores
916 1277 1172 1321 invaserint
1203 1278 1282 1332 ita,
1314 1282 1366 1320 ut
1396 1279 1560 1335 ipsein
1583 1279 1778 1336 Cyclope
1794 1281 1830 1334 4)

202 1347 345 1391 altero
376 1348 470 1391 fere
502 1362 637 1392 versu
668 1363 747 1405 pes
778 1348 952 1391 solutus
982 1349 1259 1393 inveniatur.
1696 1397 1698 1399 ,

262 1418 298 1462 Ι.
346 1418 587 1470 Quomodo
629 1423 782 1462 autem
825 1420 947 1476 apud
990 1420 1285 1475 Indagatores
1326 1421 1438 1463 haec
1481 1421 1670 1464 metrica
1716 1423 1830 1472 ratio

203 1504 297 1533 sese
329 1490 498 1534 habet?
1636 1539 1640 1543 .

261 1560 469 1605 Huntius
480 1563 794 1605 trimetrorum
807 1561 1061 1604 solutorum
1074 1562 1198 1605 hunc
1215 1561 1346 1604 nobis
1361 1562 1440 1605 dat
1458 1567 1752 1620 conspectum
1769 1565 1805 1623 5)
1820 1580 1828 1609 :

206 1631 294 1685 „Of
317 1632 395 1675 the
422 1632 646 1676 tribrachs
674 1633 734 1676 all
762 1634 840 1677 the
867 1634 1094 1676 instances
1112 1647 1187 1676 are
1210 1634 1259 1676 in
1275 1634 1353 1676 the
1371 1633 1495 1677 third
1513 1635 1566 1690 (Ι.
1591 1635 1660 1690 12,
1683 1636 1739 1680 V.
1759 1637 1828 1690 14,

202 1702 285 1747 IX.
328 1703 369 1758 6,
411 1703 545 1747 ΧΙΙΙ.
591 1705 660 1758 14,
705 1704 809 1762 20?)
852 1719 902 1748 or
944 1705 1021 1748 the
1063 1705 1218 1748 fourth
1251 1704 1348 1760 (IV.
1384 1705 1452 1758 18,
1486 1705 1542 1750 V.
1577 1705 1615 1760 7,
1649 1707 1755 1750 VII.
1788 1707 1829 1761 9,

202 1773 285 1818 IX.
318 1774 392 1829 25)
423 1774 530 1828 foot,
572 1775 665 1818 and
696 1775 775 1818 the
809 1775 984 1832 dactyls
1015 1775 1076 1818 all
1107 1776 1157 1818 in
1188 1775 1266 1818 the
1298 1775 1422 1818 third
1455 1775 1527 1832 (V.
1572 1776 1612 1830 9,
1657 1777 1725 1831 15,
1760 1777 1828 1832 18,

203 1845 273 1899 21,
306 1845 376 1899 22,
409 1845 490 1889 VI.
526 1846 593 1899 22,
629 1846 711 1889 ΙΧ.
746 1846 815 1900 26,
849 1846 906 1889 X.
941 1847 1009 1899 19,
1044 1845 1172 1890 XIV.
1205 1845 1293 1897 17).
1328 1845 1403 1889 An
1433 1851 1651 1903 anapaest
1680 1847 1729 1890 in
1750 1847 1828 1892 the

202 1916 301 1960 first
330 1917 425 1959 foot
460 1931 617 1961 occurs
649 1921 730 1960 not
760 1917 1052 1974 improbably
1083 1917 1133 1960 in
1165 1917 1200 1960 Ι.
1235 1918 1304 1960 15.
1311 1917 1349 1970 ’'‚
1383 1918 1505 1960 unde
1538 1918 1743 1972 efficitur,
1776 1922 1827 1962 ut

201 1986 520 2043 duodeviginti
552 1988 690 2045 pedes
721 1988 890 2031 solutos
921 1988 1044 2031 intra
1075 2002 1233 2032 versus
1263 1989 1357 2031 fere
1389 1989 1477 2031 320
1507 1989 1581 2033 vel
1613 1989 1829 2033 duodevi-

203 2059 371 2101 cesimo
403 2073 585 2116 quoque
618 2074 753 2103 versu
784 2059 1060 2103 solutionem
1092 2059 1399 2103 inveniamus

261 2129 396 2174 Nune
427 2133 584 2173 autem
617 2130 795 2173 tabulas
827 2145 854 2173 a
887 2130 1132 2186 Rumpelio
1148 2130 1184 2187 6)
1217 2130 1488 2186 compositas
1515 2130 1826 2186 inspiciamus,

255 2295 288 2342 ¹)
313 2295 382 2331 Die
419 2295 635 2341 Datierung
673 2295 738 2330 des
776 2294 1089 2341 Euripideischen
1126 2294 1307 2341 Kyklops.
1341 2294 1829 2340 Inaugural-Dissertation

200 2364 278 2390 von
304 2354 348 2391 R.
375 2355 589 2401 Marquart.
617 2354 726 2390 Halle
753 2366 787 2391 a.
806 2355 843 2391 S.
867 2354 973 2391 1912.

254 2412 290 2460 ²)
315 2413 406 2460 Pag.
442 2413 509 2449 59:
545 2413 820 2459 „hinreichend
856 2413 1044 2450 bewiesen
1078 2424 1125 2449 zu
1159 2413 1295 2458 haben,
1322 2413 1411 2448 dasz
1437 2423 1552 2448 unser
1577 2412 1831 2459 Satyrdrama

201 2472 423 2520 gegem'iber
447 2472 583 2509 Kaibel
618 2472 834 2519 unbedingt
869 2473 937 2508 der
968 2473 1159 2519 jfingeren
1199 2471 1505 2518 euripideischen
1544 2471 1691 2519 Epoche
1711 2483 1832 2508 -zuzu-

203 2531 370 2568 rechnen
395 2532 482 2568 ist.'’

255 2590 291 2638 ³)
316 2602 400 2638 pag.
427 2590 493 2627 29:
521 2591 677 2636 „Damit
702 2591 833 2626 durfte
858 2591 1010 2638 gezeigt
1036 2590 1130 2636 sein,
1156 2590 1245 2625 dasz
1271 2590 1340 2625 das
1365 2589 1621 2637 Satyrdrama
1639 2589 1831 2626 durchaus

202 2649 313 2685 nicht
349 2661 421 2685 von
460 2650 687 2685 vornherein
722 2661 762 2685 so
797 2650 890 2685 freie
927 2649 1083 2686 Gesetze
1120 2649 1265 2695 gchabt
1290 2649 1370 2693 hat,
1397 2648 1468 2684 wie
1495 2649 1547 2683 im
1574 2648 1827 2694 allgemeinen

203 2700 485 2755 angenommen
502 2709 611 2754 wird,
629 2709 717 2744 dasz
735 2720 775 2744 es
789 2709 840 2744 im
854 2708 1057 2755 Gegenteil
1070 2709 1128 2744 als
1141 2712 1262 2744 etwas
1278 2707 1831 2754 Altinodisoh-Mitgeschlepp-

203 2770 262 2803 tes
296 2771 375 2804 erst
408 2769 516 2803 recht
550 2779 611 2803 am
638 2769 744 2804 alten
771 2768 845 2804 Stil
871 2768 1130 2814 festgehalten
1156 2768 1238 2812 hat,
1267 2767 1323 2802 bis
1348 2778 1388 2802 es
1413 2767 1550 2802 ebenso
1576 2769 1648 2812 gut
1673 2766 1744 2802 wie
1769 2767 1830 2802 die

202 2826 390 2873 Tragodie
416 2827 493 2862 und
521 2827 582 2862 die
608 2827 791 2863 Komodie
817 2827 885 2863 der
910 2827 1201 2872 Entwickelung
1226 2827 1324 2861 auch
1362 2826 1402 2860 in
1437 2825 1665 2860 metrischer
1703 2825 1830 2861 Bezie-

204 2886 310 2932 hung
336 2886 405 2922 hat
430 2886 652 2932 nachgeben
678 2887 872 2922 mussen.'’

255 2945 291 2989 ⁴)
317 2944 483 2991 Pag.25:
507 2945 643 2992 ‚‚Kykl.
661 2945 731 2980 596
746 2946 858 2982 iamb.
873 2945 1004 2991 Trim„
1018 2945 1088 2981 239
1102 2945 1211 2988 Aust„
1226 2944 1305 2978 also
1319 2943 1525 2979 aufca.2.5
1539 2943 1655 2978 Verse
1669 2943 1687 2978 1
1706 2943 1829 2980 Auss.''

256 3003 292 3051 ⁵)
316 3004 458 3050 Oxyrh.
481 3004 572 3051 Pap.
598 3004 660 3040 IX.
687 3015 773 3051 pag.
801 3004 861 3041 35.

255 3063 292 3109 ο)
317 3063 385 3099 Die
419 3063 670 3109 aussosungen
703 3063 755 3099 im
791 3063 970 3099 trimeter
1003 3063 1069 3098 des
1104 3061 1314 3108 Aeschylus
1339 3061 1417 3096 und
1445 3060 1660 3107 Sophocles.
1685 3060 1827 3104 (Philo-

202 3121 313 3168 logus
351 3121 465 3166 XXV,
502 3121 627 3167 1867.)
665 3121 820 3156 Eosdem
858 3132 1036 3156 numeros
1072 3121 1210 3155 iterum
1245 3118 1482 3166 computavit
1510 3119 1755 3154 Leeuwenius
1780 3119 1818 3154 in

1734 3190 1757 3223 5
