2274 3750
839 922 1082 967 CAPUT
1125 923 1162 967 I.

347 1137 689 1181 Annotatlones
722 1136 908 1179 criticae
940 1136 987 1179 et
1019 1135 1292 1190 exegeticae
1324 1136 1384 1179 ad
1416 1135 1667 1190 Sophoclis

844 1206 1170 1262 Indagatores.

251 1327 389 1371 Initio
434 1326 616 1370 fabulae
663 1326 927 1383 Apollinem
974 1338 1158 1368 scenam
1199 1324 1449 1368 intrantem
1484 1323 1707 1378 videmus,
1740 1324 1820 1380 qui

192 1399 350 1457 paucis
397 1397 546 1442 verbis
592 1397 723 1440 nobis
769 1396 965 1449 nuntiat,
1014 1409 1129 1452 quae
1172 1395 1230 1438 ad
1261 1394 1465 1438 fabulam
1498 1393 1613 1437 bene
1645 1393 1819 1436 intelle-

192 1471 391 1528 gendam
437 1470 486 1512 in
523 1469 709 1527 prologo
751 1468 926 1511 narrari
959 1466 1117 1509 solent.
1151 1465 1254 1508 Non
1285 1469 1440 1508 autem
1473 1464 1604 1507 nobis
1634 1468 1823 1520 apparet

193 1546 246 1585 ut
290 1542 402 1585 deus
448 1539 692 1597 splendens
738 1542 1003 1594 potensque,
1051 1537 1194 1579 futuri
1242 1536 1483 1592 praescius,
1532 1535 1611 1578 sed
1656 1538 1821 1591 pastor,

193 1612 342 1670 qualis
374 1615 484 1665 erat,
517 1625 623 1654 eum
655 1612 784 1666 pater
816 1623 920 1651 eum
954 1613 1109 1662 θνητῶι
1137 1611 1234 1660 παρ’
1267 1605 1378 1660 ἀνδρὶ
1412 1607 1598 1661 θητεύειν
1630 1609 1822 1659 cogeret.

196 1683 269 1726 Sic
300 1683 442 1739 igitur
472 1681 636 1738 incipit
654 1681 710 1735 1):

434 1753 591 1810 [Πᾶσιν
633 1756 743 1792 θεοῖο·
772 1752 837 1791 καὶ
870 1749 1016 1807 πᾶσι]ν
1048 1747 1228 1801 ἀγγέλλω
1260 1747 1488 1806 [β]ροτο[ῖσ
1514 1797 1517 1799 ‚

434 1824 522 1882 [καὶ
546 1856 797 1867 ........
827 1820 920 1874 δῶρ’
951 1820 1241 1878 ὑπισ]χνοῦμαι
1274 1818 1422 1876 ulei&

434 1895 455 1952 [
469 1925 1035 1939 .................
1049 1891 1322 1948 ἀ]πόπροθεν·

257 1966 463 2010 Huntius
510 1965 703 2008 oonieeit
748 1963 882 2007 tertio
930 1976 1064 2007 versu
1107 1960 1335 2018 Apollinis
1377 1974 1546 2003 nomen
1589 1974 1683 2002 esse
1725 1973 1830 2016 sup-

198 2037 433 2094 plendum,
481 2036 602 2093 quod
650 2039 806 2078 tamen
847 2048 942 2077 non
984 2032 1231 2076 desiderari
1273 2045 1431 2074 omnes
1463 2034 1563 2087 post
1594 2030 1827 2073 Huntium

199 2108 394 2152 editores
440 2110 629 2163 excepto
676 2105 925 2161 Terzaghio
971 2104 1070 2147 iure
1117 2102 1458 2160 intellexerunt,
1497 2115 1694 2158 quorum
1725 2105 1828 2157 apte

200 2179 376 2223 confert
411 2177 722 2221 Buechererus
738 2176 773 2231 2)
818 2174 1059 2218 Alcestidis
1096 2173 1349 2230 prologum.
1385 2171 1691 2215 Roszbachius
1707 2170 1742 2228 3)
1774 2171 1831 2213 ad

201 2249 394 2295 verbum
427 2247 630 2300 ἀγγέλλει-ν
661 2247 835 2291 obiecto
868 2260 982 2303 opus
1014 2259 1108 2288 esse
1140 2248 1344 2287 statuens
1375 2243 1619 2285 infeliciter
1641 2242 1832 2284 coniecit

321 2335 384 2365 VS.
418 2321 444 2363 2
470 2334 534 2376 sq.
570 2318 653 2360 τόδ’
680 2318 792 2371 ἔργον
824 2317 889 2371 ἠδὲ
922 2316 1014 2370 δῶρ’
1048 2318 1312 2370 ὑπισχνοῦμαι
1346 2313 1471 2355 τελεῖν

571 2391 642 2432 εἴτ’
675 2390 842 2442 ἐγγύθεν
874 2402 936 2428 τισ
966 2385 1076 2437 ἑῖδεν,
1110 2387 1180 2427 εἴτ’
1213 2386 1462 2439 ἀπόπροθεν·

262 2463 366 2506 Non
412 2462 536 2505 enim
584 2460 667 2502 τόδ’
714 2460 825 2518 ἔργον
871 2459 944 2516 (of.
992 2472 1056 2503 vs.
1101 2458 1187 2512 11),
1230 2457 1308 2499 sed
1350 2469 1533 2512 prorsus
1564 2455 1689 2497 aliud
1721 2454 1832 2510 quid

206 2533 468 2590 Apollinem
499 2531 796 2589 pronuntiare
828 2530 944 2574 velle
977 2543 1035 2572 ex
1070 2543 1136 2572 vs,
1170 2528 1226 2570 36
1253 2540 1349 2584 sqq.
1384 2526 1491 2569 satis
1522 2528 1723 2582 apparet,
1751 2539 1834 2567 nec

206 2605 352 2660 magis
399 2604 514 2647 mihi
561 2603 743 2659 placent
787 2601 928 2645 verba
967 2600 1038 2641 εἴτ’
1080 2599 1247 2650 ἐγγύθεν
1280 2596 1381 2650 κτλ.,
1414 2611 1523 2639 nam
1555 2595 1686 2652 spatii
1720 2595 1832 2637 haee

206 2675 380 2718 mentio
421 2675 533 2731 quid
572 2674 631 2717 ad
667 2673 925 2730 praemium
956 2670 1240 2727 propositum
1272 2668 1510 2724 pertineat,
1544 2667 1667 2709 haud
1699 2665 1831 2708 facile

207 2745 343 2788 dieas.
376 2745 532 2788 Potius
563 2744 704 2799 igitur
735 2757 840 2786 oum
874 2741 1055 2784 Diehlio
1071 2741 1106 2795 4)
1139 2743 1181 2782 et
1214 2739 1494 2781 Buecherero
1517 2740 1696 2779 textum
1717 2736 1833 2778 anti-

209 2817 363 2873 quitus
395 2816 457 2858 sio
488 2816 580 2859 fere
612 2815 749 2857 fuisse
781 2813 937 2856 eredo:

264 2945 296 2991 ¹)
322 2945 468 2992 Ubique
493 2944 569 2979 cito
596 2942 784 2978 Huntium
812 2941 952 2988 Oxyrh.
980 2941 1068 2986 Pap.
1097 2939 1135 2975 P.
1163 2938 1226 2973 IX.
1251 2937 1358 2973 1174.

261 3005 297 3051 ²)
324 3004 422 3040 Berl.
448 3003 582 3039 Philol.
607 3002 738 3039 Woch.
762 3001 867 3037 1913.
894 3001 970 3036 Col.
999 2999 1080 3034 579.

264 3064 299 3110 ³)
324 3063 418 3099 Ibid.
769 3059 874 3097 1912.
902 3059 979 3094 Col.
1005 3058 1110 3093 1460.

263 3123 298 3168 ⁴)
322 3122 638 3169 supplementum
667 3120 918 3166 Sophocleum
946 3118 1002 3154 ed.
1029 3117 1069 3154 E.
1098 3116 1220 3151 Diehl.
1247 3113 1364 3151 Bonn.
1393 3113 1500 3149 1913.
