2274 3750
819 1004 1206 1066 Prooemium.

261 1277 451 1322 Miseras
497 1277 828 1334 Indagatorum
869 1277 1099 1334 reliquias,
1143 1277 1271 1334 pium
1315 1291 1428 1334 quas
1469 1276 1602 1320 nobis
1633 1278 1833 1335 Aegypti

202 1348 351 1393 solum
381 1352 488 1392 ante
520 1349 679 1392 decem
710 1349 804 1392 fere
830 1363 975 1392 annos
997 1348 1208 1402 reddidit,
1232 1348 1269 1391 si
1292 1348 1394 1405 quis
1415 1348 1562 1391 obiter
1581 1348 1834 1405 inspexerit

202 1419 277 1464 vel
297 1419 466 1477 raptim
488 1433 582 1463 uno
602 1423 758 1473 tenore
779 1419 1035 1476 perlegerit,
1059 1419 1284 1462 nonnulla
1305 1419 1494 1476 quidem
1514 1420 1622 1462 satis
1640 1423 1833 1464 venusta

200 1493 340 1548 atque
385 1490 511 1534 haud
551 1490 804 1534 iniucunda
834 1490 982 1534 inesse
1014 1489 1310 1545 existimabit,
1343 1489 1421 1533 sed
1453 1493 1602 1533 totum
1633 1504 1748 1547 opus
1779 1504 1831 1534 eo

202 1561 483 1618 praesertim,
512 1575 603 1618 quo
635 1565 702 1605 est
733 1565 968 1618 repertum
999 1565 1121 1604 statu
1152 1565 1197 1604 et
1223 1574 1442 1605 versuum
1469 1561 1712 1617 paucitate,
1740 1575 1834 1604 non

202 1646 296 1677 esse
328 1632 565 1686 eiusmodi,
598 1636 650 1675 ut
681 1632 919 1688 egregium
950 1632 1165 1675 historiae
1194 1631 1440 1675 litterariae
1462 1635 1832 1685 monumentum,

202 1702 378 1759 clarum
408 1703 520 1747 artis
552 1703 830 1760 Sophocleae
862 1703 1206 1757 documentum,
1240 1716 1464 1758 magnum
1495 1702 1694 1759 denique
1716 1702 1835 1746 litte-

202 1788 360 1818 rarum
391 1774 674 1818 Graecarum
705 1774 887 1818 lucrum
918 1774 977 1817 sit
1007 1774 1308 1817 iudicandum
1340 1773 1464 1816 haud
1506 1773 1644 1816 dubie
1687 1773 1832 1817 decla-

199 1844 334 1889 rabit.
366 1844 531 1903 Itaque
562 1860 657 1889 non
689 1846 926 1899 miramur,
969 1845 1310 1902 quodammodo
1341 1845 1481 1887 etiam
1518 1844 1830 1900 intellegimus

202 1915 427 1960 exstitisse
457 1917 591 1971 viros,
615 1930 782 1974 eosque
803 1917 1062 1959 studiorum
1084 1919 1345 1959 nostrorum
1368 1914 1560 1958 minime
1581 1915 1831 1972 imperitos,

203 1987 283 2044 qui
335 1986 581 2044 Cyclopem
633 1987 938 2045 Euripideum
985 1991 1029 2030 et
1074 1987 1372 2042 Indagatores
1418 1985 1692 2042 Sophocleos
1740 2000 1833 2029 uno

202 2057 454 2115 eodemque
496 2058 724 2115 complexi
761 2058 931 2101 iudicio
964 2057 1324 2101 Atheniensibus
1354 2058 1542 2099 fortasse
1574 2070 1679 2099 cum
1711 2071 1831 2114 spec-

203 2132 353 2172 tarent
396 2129 508 2173 talia
546 2129 770 2187 placuisse
800 2128 1070 2183 iudicarent,
1103 2127 1191 2171 sibi
1221 2131 1376 2171 autem
1407 2127 1545 2170 hodie
1575 2127 1833 2183 legentibus

202 2199 427 2244 eiusmodi
462 2199 583 2243 iocos
629 2199 820 2244 rusticos
851 2203 989 2257 atque
1021 2198 1258 2256 Sophoclis
1289 2198 1614 2255 Euripidisque
1646 2198 1833 2255 ingenio

203 2284 386 2327 prorsus
416 2271 631 2328 indignos
661 2271 900 2328 displicere
931 2270 1162 2314 fastidiose
1195 2269 1537 2313 contenderent.

263 2341 483 2386 Attamen
514 2343 552 2386 si
571 2343 832 2399 fragmenta
851 2342 1022 2385 iterum
1042 2345 1179 2398 atque
1201 2341 1370 2384 iterum
1391 2340 1629 2397 perlegens
1650 2340 1833 2397 penitus

204 2425 259 2456 ea
296 2414 563 2469 cognoveris
604 2414 950 2470 peritorumque
991 2413 1397 2469 interpretatorum
1433 2411 1700 2454 adiumento
1731 2411 1834 2454 sub-

203 2484 341 2541 nixus
371 2482 619 2528 verborum
650 2483 976 2527 obscuritatem
1008 2482 1232 2540 paulatim
1264 2481 1442 2535 discuti,
1471 2481 1834 2538 corruptelarum

203 2554 521 2598 difficultatem
552 2555 751 2598 diminui
783 2555 819 2597 si
852 2554 1034 2608 sentias,
1067 2554 1132 2596 ita
1163 2557 1214 2596 ut
1244 2553 1404 2595 lumen
1435 2555 1481 2595 et
1511 2550 1676 2595 umbra
1697 2565 1834 2595 suum

203 2625 291 2669 sibi
320 2625 474 2669 locum
504 2630 778 2683 occupantes
809 2625 1120 2682 spectaculum
1151 2624 1432 2679 distinguere
1454 2623 1710 2676 videantur,
1735 2622 1833 2666 fieri

205 2711 299 2741 non
345 2697 524 2755 poterit,
572 2697 686 2754 quin
732 2711 902 2753 magno
947 2697 1086 2739 huius
1133 2694 1340 2752 opusculi
1385 2707 1540 2736 amore
1586 2692 1831 2746 imbuaris;

205 2768 378 2811 etenim
409 2771 454 2811 et
477 2782 619 2825 purae
640 2768 825 2824 linguae
846 2767 974 2824 lepor
995 2766 1222 2810 iucundus
1245 2770 1289 2808 et
1310 2778 1609 2822 personarum
1630 2778 1834 2806 morum-

206 2852 295 2896 que
334 2838 498 2883 festiva
537 2839 703 2895 imago,
746 2838 885 2882 totius
931 2837 1129 2894 denique
1162 2835 1502 2893 compositionis
1533 2835 1696 2878 decora
1726 2835 1832 2877 sim-

206 2908 383 2965 plicitas
414 2908 686 2966 Sophoclem
712 2908 843 2952 nobis
865 2908 1086 2951 exhibent
1108 2907 1178 2950 sui
1200 2906 1398 2950 similem
1420 2919 1516 2948 sese
1537 2904 1836 2962 praebentem

204 2975 444 3037 artemque
485 2994 616 3023 suam
647 2979 720 3024 vel
755 2980 806 3022 in
837 2979 1000 3036 satyris
1032 2993 1058 3021 a
1090 2978 1235 3020 nimia
1266 2977 1606 3020 comoediarum
1637 2976 1834 3019 scurrili-

206 3053 299 3093 tate
330 3050 668 3094 defendentem.

266 3120 392 3164 Haec
422 3121 517 3164 iam
549 3120 860 3177 compluribus
891 3120 992 3164 aliis
1025 3120 1121 3164 visa
1152 3133 1245 3161 esse
1278 3118 1429 3161 studia
1459 3131 1542 3160 nos
1573 3117 1737 3160 docent
1769 3121 1836 3159 tot
