2274 3750
919 328 1155 372 -71-

283 456 356 512 12)
388 457 454 496 καί
484 455 567 514 (καὶ
599 459 648 498 σὺ
680 460 745 512 χαί
776 458 866 514 [idm
898 472 962 503 νε.
995 458 1098 510 393)
1129 458 1184 502 cs.
1218 457 1355 514 Soph.
1389 457 1461 501 Ai.
1497 457 1624 501 1147.

226 567 230 571 .
1155 563 1173 582 ‚‚
1269 563 1286 581 „
1379 528 1489 572 Ant.
1522 527 1622 572 573.

282 597 356 653 13)
387 599 529 653 οἰχνεῖν
561 598 643 655 (νε.
677 599 782 656 321)
1152 634 1170 652 ,,
1266 634 1283 652 „
1376 599 1449 643 Ai.
1482 598 1582 642 564.

1155 705 1173 724 ‚,
1270 705 1287 723 „
1378 669 1449 714 El.
1484 670 1582 723 165,
1615 669 1716 714 313.

282 739 354 793 14)
387 738 592 793 παντελήσ
622 744 706 793 (νε.
740 741 813 795 13)
1156 775 1173 794 ,‚
1269 775 1286 793 „
1379 740 1486 784 Ant.
1522 740 1650 794 1016,
1684 741 1812 784 1063.

1153 846 1170 864 ,,
1266 846 1284 865 ,,
1376 810 1428 855 Ο.
1462 811 1516 856 R.
1549 811 1650 855 930.

280 881 354 938 18)
386 881 527 935 πόρτισ
557 881 760 937 (vitulus,
795 897 859 926 vs.
893 883 937 937 6)
1152 916 1169 934 „
1207 882 1364 936 Hom„
1396 882 1557 939 hymn.
1590 882 1688 926 Cer.
1723 882 1821 925 174.

1153 988 1170 1007 „
1208 953 1346 1010 Soph.
1378 953 1541 998 Trach.
1574 953 1673 997 530.

280 1023 353 1077 19)
384 1023 551 1077 πρέπειν
582 1023 774 1080 (sonare,
808 1039 873 1069 vs.
906 1024 1010 1081 225)
1155 1058 1172 1077 „
1210 1023 1422 1081 Aeschyl.
1454 1024 1540 1080 Ag.
1574 1024 1672 1068 333.

277 1093 353 1151 20)
383 1095 538 1147 στέφειν
569 1094 652 1151 (VS.
686 1094 760 1147 45)
1151 1130 1168 1148 ,,
1297 1129 1315 1148 ,,
1451 1094 1573 1152 Sept.
1606 1095 1676 1149 50,
1710 1095 1808 1139 264.

1150 1201 1168 1219 ,,
1205 1165 1344 1222 Soph.
1376 1165 1451 1209 Ai.
1482 1166 1552 1209 93.

1148 1271 1167 1290 „
1263 1272 1280 1290 „
1373 1236 1481 1280 Ant.
1515 1237 1616 1280 431.

833 1360 836 1363 ¹
1147 1343 1164 1361 „
1261 1342 1278 1361 „
1371 1307 1444 1352 El.
1477 1307 1546 1362 53,
1579 1308 1679 1351 458.

275 1378 350 1435 21)
382 1379 463 1420 τώσ
493 1380 577 1435 (νε.
611 1379 684 1435 39)
1146 1414 1163 1432 „
1200 1378 1412 1436 Aeschyl.
1456 1378 1578 1435 Sept.
1610 1378 1711 1432 484,
1745 1378 1845 1422 637.

1148 1484 1166 1503 ,,
1293 1485 1311 1503 ,,
1442 1449 1553 1492 Hik.
1588 1450 1656 1503 70,
1690 1449 1789 1494 678.

1146 1555 1163 1574 ,,
1201 1524 1215 1576 (
1291 1555 1310 1574 „
1441 1521 1514 1564 Ai.
1546 1535 1612 1564 vs.
1645 1521 1765 1576 841.)

273 1593 348 1648 22)
378 1593 409 1633 εἰ
441 1590 572 1633 θέλεισ
601 1596 685 1645 (νε.
719 1592 823 1647 199)
1145 1626 1162 1644 „
1200 1591 1338 1648 Soph.
1370 1591 1438 1635 El.
1473 1590 1573 1645 585,
1602 1591 1719 1635 Phil.
1744 1591 1842 1635 730.

216 1687 234 1697 -=
273 1663 348 1718 23)
380 1670 472 1719 χρῶι
503 1662 579 1719 (ἓν,
611 1677 675 1707 νε.
709 1663 784 1719 91)
1146 1697 1163 1715 „
1258 1697 1276 1715 „
1367 1661 1439 1706 Ai.
1473 1662 1572 1706 786.

272 1735 347 1792 24)
379 1732 567 1790 ἀρίζηλοσ
597 1736 680 1790 (νε.
716 1735 790 1791 70)
1146 1769 1163 1787 „
1199 1734 1337 1777 Hom.

271 1804 348 1861 25)
379 1805 492 1860 κάπη
524 1805 608 1862 (νε.
642 1805 686 1862 7)
1146 1840 1164 1858 ,‚
1200 1805 1338 1849 Hom.

270 1876 344 1932 26)
375 1877 519 1918 aviron
548 1875 799 1932 (Κυλλήνησ,
834 1891 898 1921 νε.
932 1877 1036 1932 252)
1146 1911 1164 1930 ,,
1201 1876 1339 1920 Hom.
1373 1876 1415 1919 N
1447 1876 1546 1919 248.

273 1946 348 2004 27)
378 1947 461 2001 ἥκει
492 1949 562 2003 (Ξ
594 1948 789 2002 προσήκει,
823 1963 888 1993 vs.
921 1948 1025 2004 356)
1145 1982 1162 2000 ‚,
1199 1947 1335 2004 Soph.
1371 1947 1422 1991 Ο.
1457 1947 1505 1990 C.
1538 1946 1636 1990 738.

270 2019 345 2074 28)
376 2019 556 2074 πρεπτόσ
585 2023 668 2072 (νε.
703 2019 806 2076 322)
1139 2053 1156 2071 „
1193 2018 1404 2074 Aeschyl.
1438 2017 1572 2061 Eum.
1605 2017 1704 2061 914.

1138 2124 1156 2142 „
1193 2089 1331 2132 Arist.
1364 2089 1467 2146 Lys.
1503 2089 1630 2132 1298.

266 2231 390 2284 Quid
422 2236 578 2275 autem
610 2232 722 2275 haec
755 2246 837 2275 nos
868 2231 1063 2275 docent?

267 2303 328 2347 1⁰.
362 2303 502 2346 Haud
533 2317 680 2360 pauca
711 2303 1027 2357 inveniuntur,
1055 2317 1172 2359 quae
1195 2316 1300 2345 cum
1322 2301 1642 2358 Aristophanis
1663 2316 1837 2345 comoe-

201 2374 293 2422 diis
323 2373 661 2431 antiquioribus
693 2374 826 2417 valde
858 2388 1108 2430 congruere
1142 2373 1357 2417 videntur
1388 2373 1554 2429 (1—7).

265 2445 327 2488 20.
359 2445 510 2488 Dictio
542 2445 714 2501 tragica
746 2445 818 2489 vel
840 2444 1106 2501 Aeschyleis
1129 2444 1201 2488 vel
1242 2443 1578 2500 antiquioribus
1599 2443 1835 2500 Sophoclis

205 2515 373 2559 fabulis
404 2516 641 2559 simillima
673 2520 740 2559 est
771 2515 829 2572 (4,
863 2516 902 2569 6,
938 2516 1114 2572 8-23).

264 2588 324 2631 30.
359 2586 510 2630 Pauca
542 2587 679 2630 etiam
713 2587 866 2643 epicae
898 2586 1082 2643 linguae
1114 2585 1433 2629 tantummodo
1464 2585 1647 2641 propria
1677 2586 1832 2642 legun-

198 2661 279 2701 tur
310 2658 535 2713 (24—26).

262 2727 324 2772 4⁰.
368 2729 470 2771 Duo
512 2742 606 2771 sese
649 2728 848 2771 offerunt
890 2727 1124 2780 vocabula,
1168 2741 1298 2784 quae,
1332 2740 1613 2783 quamquam
1647 2727 1830 2781 rariora,

203 2803 248 2842 et
278 2799 328 2841 in
359 2798 525 2842 fabulis
556 2798 885 2842 recentioribus
916 2799 1222 2855 reperiuntur.

259 2869 362 2913 Iam
393 2884 531 2926 supra
561 2870 720 2912 monui
752 2869 976 2913 eiusmodi
1003 2869 1263 2925 conspectui
1284 2883 1364 2924 per
1385 2882 1432 2911 se
1453 2882 1670 2923 magnam
1692 2868 1829 2912 fidem

201 2954 295 2983 non
327 2955 421 2983 esse
452 2940 727 2994 habendam,
761 2954 886 2983 nunc
917 2944 1072 2983 tamen
1095 2938 1405 2996 compluribus
1426 2938 1526 2981 aliis
1547 2940 1830 2994 argumentis

201 3011 362 3055 eodem
423 3010 697 3054 ducentibus
758 3011 926 3064 omnia,
984 3024 1100 3067 quae
1165 3010 1215 3052 in
1274 3009 1429 3052 tabula
1489 3022 1592 3052 mea
1653 3009 1828 3066 collegi,

201 3082 474 3139 neutiquam
524 3082 645 3125 inter
696 3096 742 3125 se
789 3082 1042 3136 cohaerere,
1094 3081 1172 3123 sed
1223 3079 1448 3137 quidquid
1503 3079 1735 3123 affinitatis
1784 3085 1829 3123 et
