2274 3750
1188 346 1425 388 -64-

1113 1125 1378 1168 CAPUT
1430 1126 1498 1170 II.

674 1374 749 1417 De
795 1374 1083 1429 tempore,
1131 1386 1247 1428 quo
1295 1375 1533 1430 scripta
1580 1376 1660 1419 sit
1707 1376 1933 1420 fabula.

547 1539 604 1582 In
646 1539 996 1596 prolegomenis,
1042 1555 1159 1598 quae
1202 1541 1410 1584 Huntius
1452 1541 1627 1598 primae
1670 1541 1998 1598 Indagatorum
2030 1542 2123 1585 edi-

487 1611 603 1653 tioni
645 1611 894 1667 praemisit,
935 1611 1131 1668 legimus
1163 1626 1264 1668 pagT
1300 1613 1378 1656 34:
1418 1612 1535 1666 „But
1564 1612 1614 1655 in
1645 1626 1738 1669 any
1769 1626 1869 1656 case
1901 1627 1985 1656 our
2015 1612 2122 1670 play

488 1695 595 1737 may
637 1681 908 1738 reasonably
949 1682 1004 1726 be
1036 1683 1197 1740 placed
1231 1683 1550 1740 considerably
1582 1682 1745 1727 earlier
1775 1684 1890 1727 than
1921 1683 2014 1728 this
2044 1684 2120 1741 (sc.

487 1752 725 1809 Aristoph.
759 1753 948 1808 Ranae),
980 1754 1019 1796 if
1047 1754 1156 1810 only
1179 1768 1238 1797 on
1260 1758 1455 1797 account
1476 1755 1524 1797 of
1542 1755 1600 1797 its
1622 1755 1829 1798 metrical
1846 1755 2121 1800 strictne88.''

487 1827 532 1865 et
555 1823 715 1867 eodem
738 1825 832 1867 fere
854 1828 1060 1882 tempore
1090 1825 1466 1869 Wilamowitzius
1497 1825 1653 1869 scribit
1670 1826 1727 1881 1):
1765 1826 1833 1883 „je
1864 1825 2025 1882 langer
2044 1826 2121 1870 ich

487 1893 612 1937 mich
644 1895 730 1937 mit
761 1896 851 1938 den
883 1896 1140 1939 Ichneuten
1172 1896 1465 1953 beschffltige,
1499 1911 1579 1939 um
1611 1911 1660 1940 so
1692 1898 1829 1941 fester
1860 1897 1973 1941 wird
1995 1897 2120 1940 mein

487 1965 677 2019 Glaube,
696 1965 799 2009 dasz
821 1967 885 2010 sie
907 1967 981 2010 ein
1000 1967 1310 2023 Jugendwerk
1327 1967 1498 2021 sind.'';
1518 1968 1678 2011 eodem
1695 1967 1895 2025 denique
1913 1967 2118 2021 redeunt,

487 2050 604 2092 quae
653 2037 775 2093 apud
823 2037 1042 2080 ultimum
1090 2038 1420 2094 Indagatorum
1467 2039 1690 2082 editorem
1707 2039 1744 2092 2)
1788 2042 2009 2082 annotata
2052 2038 2121 2081 in-

488 2108 723 2152 venimus:
771 2109 995 2159 „General
1036 2109 1332 2166 impressione
1367 2124 1444 2153 are
1476 2109 1563 2153 less
1595 2114 1640 2153 to
1674 2110 1727 2153 be
1761 2110 1950 2164 trusted,
1981 2108 2067 2153 but
2097 2110 2119 2153 I

486 2178 625 2221 think
667 2179 767 2222 that
805 2181 890 2223 few
923 2180 1015 2223 will
1047 2181 1240 2224 hesitate
1273 2195 1333 2223 on
1364 2181 1701 2224 consideration
1732 2185 1778 2224 to
1809 2181 2044 2238 acquiesce
2070 2181 2121 2224 in

488 2249 566 2292 the
583 2250 833 2306 judgment
853 2252 902 2294 of
920 2251 1236 2305 Wilamowitz,
1270 2252 1371 2295 that
1402 2252 1481 2295 the
1512 2252 1621 2309 play
1651 2252 1827 2295 reflects
1859 2251 2118 2308 Sophocles’

487 2320 649 2364 earlier
691 2336 886 2365 manner
889 2357 1106 2376 ........
1153 2324 1241 2366 But
1273 2322 1577 2366 Wilamowitz
1619 2323 1738 2366 finds
1779 2322 2120 2366 unmistakable

487 2392 612 2447 signs
659 2393 708 2435 of
751 2407 811 2436 an
858 2393 982 2450 early
1029 2394 1134 2437 date
1180 2394 1230 2436 in
1277 2394 1450 2437 certain
1497 2393 1684 2437 definite
1726 2394 2035 2450 peculiarities
2075 2394 2126 2437 of

488 2463 758 2520 technique;
778 2499 787 2508 .
808 2498 816 2507 .
837 2499 846 2508 .
867 2464 907 2507 .⁷'

546 2534 787 2577 Eiusmodi
828 2535 1035 2579 virorum
1077 2536 1315 2578 doctorum
1358 2535 1644 2578 rarissimum
1685 2550 1960 2579 consensum
1992 2536 2119 2594 (nam

488 2605 745 2662 complures
788 2606 928 2649 etiam
970 2607 1047 2649 alii
1091 2607 1319 2649 nominari
1358 2611 1577 2663 possunt),
1610 2607 1698 2649 nisi
1731 2606 1875 2649 firmis
1907 2610 2118 2650 exortum

486 2678 784 2732 argumentis,
810 2678 907 2720 fieri
931 2692 1024 2720 non
1046 2678 1244 2734 potuisse
1267 2682 1444 2720 constat
1457 2693 1466 2731 ;
1490 2677 1794 2720 nihilominus
1806 2677 1931 2720 haud
1953 2677 2118 2721 inutile

487 2747 602 2790 mihi
647 2748 799 2791 visum
841 2753 920 2802 est,
964 2763 1082 2806 quae
1123 2748 1201 2791 alii
1243 2748 1355 2791 alias
1396 2748 1605 2803 attulere,
1648 2748 1697 2791 in
1729 2762 1878 2791 unum
1909 2749 2116 2792 conferre

486 2822 623 2876 atque
655 2819 951 2875 distinguere,
980 2833 1097 2876 quae
1119 2819 1310 2862 minoris
1333 2819 1555 2862 momenti
1578 2833 1754 2877 quaeve
1778 2819 1976 2874 maioris,
1999 2833 2116 2877 quae

486 2888 684 2946 denique
717 2891 832 2933 nulli
865 2890 1064 2933 obnoxia
1096 2890 1371 2933 dubitationi
1405 2904 1630 2934 censeam.

538 3055 569 3100 ¹)
596 3054 924 3100 Sonderabdruck,
949 3066 1034 3102 pag.
1060 3055 1117 3090 15,

538 3113 571 3159 ²)
599 3113 837 3157 pearsonius,
863 3114 922 3151 ed.
949 3115 1059 3150 Cant.
1086 3114 1101 3149 I
1132 3125 1217 3161 pag.
1242 3113 1323 3150 230.

2266 1318 2274 1439 4

2266 1439 2274 1530 ἐ
