2274 3750
1195 289 1400 329 -8-

484 426 564 475 set,
597 422 675 464 sed
707 421 858 477 potius
880 420 944 462 sic
965 420 1058 461 fere
1081 418 1384 461 enuntiasset:
1409 419 1492 459 ἐπεὶ
1515 415 1607 458 ὁάῧ
1629 421 1681 460 τὰ
1707 418 1922 461 Θεσσαλῶν
1943 420 1964 478 [
1983 456 1991 464 .
2009 457 2018 465 .
2041 455 2050 464 .
2069 421 2114 478 .]

485 493 726 546 ἐπεσσύθην,
759 491 880 531 τότε
913 489 972 543 δὴ
1000 489 1206 530 Βοιωτίασ
1237 487 1323 532 κτλ.
1355 489 1429 532 Sic
1461 493 1613 543 restat,
1647 494 1700 533 ut
1729 490 1975 546 Sophocles
2006 505 2112 534 cum

484 564 661 620 hymno
703 561 950 604 Homerico
992 560 1131 603 boves
1173 559 1219 602 in
1254 559 1403 602 Pieria
1434 563 1585 617 pastas
1617 560 1815 618 indeque
1848 561 1906 604 ab
1939 561 2114 606 Herme

485 637 639 690 raptas
671 632 857 675 finxisse
890 630 1120 683 videatur;
1153 644 1180 672 a
1213 629 1362 673 Pieria
1394 644 1707 687 quascumque
1739 631 1788 674 in
1819 636 1986 688 partes,
2021 647 2116 676 non

488 709 644 748 tamen
675 703 731 746 ad
766 702 1008 745 meridiem
1040 715 1211 754 versuS,
1245 701 1410 758 Apollo
1437 706 1631 758 vagatus
1652 707 1731 756 est,
1757 706 1856 746 tum
1879 703 2048 747 infecta
2069 718 2116 746 re

486 777 535 818 in
568 774 767 818 Pieriam
800 773 948 827 rediit,
982 786 1099 829 quae
1131 772 1288 831 omnia
1319 787 1406 817 vss,
1442 774 1616 816 16—20
1638 773 1728 829 legi
1751 774 1861 817 olim
1882 778 2115 831 poterant;

487 847 597 889 hinc
647 845 813 889 deinde
866 844 1022 887 animo
1075 858 1169 886 non
1222 843 1419 887 demisso
1465 844 1749 888 Thessaliam
1791 845 2117 902 Boeotiamque

485 917 649 975 petivit
680 919 784 972 (vss.
818 916 871 958 21
906 915 1036 972 sqq.).
1071 914 1286 958 Ceterum
1317 914 1515 972 denique
1547 916 1635 959 iter
1665 915 1869 974 Apollini
1901 931 1995 960 non
2022 920 2118 960 tam

486 988 606 1032 male
649 987 916 1045 processisse
948 986 1142 1030 miserae
1173 985 1398 1029 itinerarii
1429 986 1651 1043 reliquiae
1683 989 1887 1032 conicere
1918 991 2119 1031 tantum·
2160 1043 2163 1046 Δ

487 1060 624 1103 modo
656 1059 828 1102 sinunt.
860 1058 981 1101 Nam
1013 1061 1232 1114 quattuor
1258 1057 1352 1100 fere
1375 1057 1582 1101 versibus
1603 1057 1888 1113 intermissis,
1921 1073 2119 1116 quorum

486 1131 553 1174 nil
584 1130 672 1173 nisi
705 1129 908 1187 spatium
939 1128 1071 1172 nobis
1104 1132 1286 1186 tempus
1318 1128 1519 1185 reliquit,
1564 1143 1627 1173 vs.
1662 1130 1718 1172 28
1751 1130 1923 1186 legitur
1954 1132 2118 1184 Δωρικο,

487 1201 608 1259 quod
651 1201 707 1244 de
750 1200 1078 1257 Peloponneso,
1120 1200 1150 1244 i.
1185 1214 1221 1243 e.
1256 1203 1376 1243 terra
1409 1200 1587 1254 Dorica,
1623 1201 1798 1244 dictum
1830 1216 1924 1244 esse
1956 1201 2120 1245 Vuert-

489 1273 673 1316 hemius
705 1287 778 1315 me
810 1275 969 1315 monet
986 1272 1033 1328 1).

550 1344 636 1387 Per
659 1343 1029 1400 Peloponnesum
1055 1346 1211 1386 autem
1233 1343 1270 1385 si
1292 1343 1396 1399 quis
1418 1343 1578 1386 tendat
1593 1358 1621 1386 a
1637 1343 1824 1387 Boeotia
1839 1343 1895 1387 ad
1914 1346 2120 1387 montem

492 1415 746 1472 Gyllenam,
789 1415 936 1457 facere
978 1428 1072 1457 non
1114 1417 1274 1470 potest,
1317 1414 1431 1470 quin
1463 1414 1666 1457 Atticam
1700 1418 1859 1470 tangat
1890 1418 1935 1458 et
1966 1414 2122 1458 Corin-

494 1487 642 1540 thum,
697 1499 895 1543 quarum
942 1485 1129 1528 urbium
1176 1485 1226 1527 in
1278 1484 1484 1529 versibus
1535 1485 1783 1542 deperditis
1838 1486 2122 1530 mentionem

495 1558 666 1601 factam
698 1570 792 1600 esse
825 1556 1035 1600 Diehlius
1066 1556 1101 1611 2)
1134 1556 1340 1599 coniecit.

550 1629 679 1672 Haec
722 1628 879 1671 omnia
915 1628 952 1670 si
985 1642 1094 1672 vera
1125 1627 1358 1684 disputata
1389 1630 1511 1681 sunt,
1544 1628 1678 1671 facile
1709 1632 1914 1685 apparet,
1947 1632 2122 1686 quanto

491 1700 823 1756 Indagatorum
854 1697 1130 1758 fabulahac
1161 1713 1188 1741 a
1219 1702 1347 1756 parte
1379 1702 1577 1755 praestet
1598 1699 1774 1756 hymno
1795 1699 2025 1754 Mercurii,
2043 1698 2123 1742 ubi

492 1771 658 1828 Apollo
692 1785 828 1817 verus
863 1770 1122 1825 „Fortunae
1154 1769 1305 1813 filius‘'
1338 1770 1493 1813 statim
1526 1769 1786 1826 Ὀγχηστόνδ’
1819 1771 1985 1824 ἀφίκανε
2015 1771 2124 1822 κιών,

491 1842 658 1886 deinde
700 1842 830 1885 nulla
871 1856 1001 1885 mora
1042 1841 1265 1894 Ξσσυμένωσ
1307 1841 1347 1881 za
1388 1839 1532 1883 Πύλον
1575 1840 1682 1895 ἤιξεν
1713 1845 1758 1885 et
1788 1841 1992 1898 vestigiis
2023 1845 2122 1897 tum

491 1914 681 1957 demum
713 1913 881 1970 agnitis
917 1913 1243 1969 „vestigiorum
1276 1912 1468 1956 artificio
1500 1913 1724 1956 nimirum
1751 1912 2050 1967 commotus”,
2073 1917 2125 1957 ut

491 1985 656 2042 lepidis
699 1985 894 2042 Kuiperi
937 1983 1089 2029 verbis
1131 1987 1249 2039 utar,
1282 1984 1369 2027 iter
1400 1984 1587 2040 Pylium
1619 1984 1807 2041 reliquit
1838 1988 1883 2028 et
1914 1984 2126 2042 pervenit

491 2056 549 2100 ad
584 2060 787 2099 montem
821 2055 1074 2113 Cyllenam.
1109 2055 1292 2107 Quanto
1325 2055 1472 2111 magis
1503 2054 1730 2100 laboravit
1765 2059 1904 2113 atque
1941 2055 2126 2100 sudavit

494 2127 658 2184 Apollo
684 2127 761 2170 ille
794 2125 1086 2183 Sophocleus,
1115 2125 1190 2169 cui
1212 2129 1307 2168 tota
1329 2125 1521 2168 Graecia
1545 2125 1794 2183 multisque
1810 2125 1913 2170 aliis
1931 2125 2126 2182 regioni-

493 2198 579 2242 bus
610 2197 863 2256 peragratis
895 2197 1081 2240 tandem
1114 2197 1242 2240 dedit
1263 2196 1448 2240 fortuna
1469 2196 1758 2251 invitissima,
1787 2211 1904 2254 quae
1927 2201 2024 2240 tam
2045 2197 2126 2241 diu

494 2284 675 2313 summa
706 2283 815 2312 cura
846 2269 1015 2312 frustra
1047 2267 1359 2325 quaesivisset.
1392 2267 1687 2311 Delectamur
1720 2271 1840 2312 certe
1872 2271 2020 2325 poeta,
2045 2268 2126 2326 qui

494 2340 711 2398 prudenti
752 2340 941 2384 consilio
983 2344 1078 2383 tam
1120 2339 1236 2382 bene
1283 2339 1525 2394 intellexit,
1572 2353 1689 2396 quae
1736 2339 1969 2383 theatrum
2011 2354 2039 2383 a
2079 2353 2127 2383 se

495 2412 710 2468 exigeret.

556 2529 618 2575 33
635 2544 732 2587 Sqq.
766 2530 937 2587 [ψ--υ
975 2529 1148 2586 ποι]μὴν
1180 2528 1251 2569 εἴτ’
1283 2528 1572 2585 (ὶγρωστή[ρων
1603 2543 1665 2569 τίσ
1699 2529 1742 2586 ὴ]

558 2599 906 2659 [μαριλοκαυ]τών
939 2601 979 2641 ἐν
1011 2598 1129 2650 λόγωι
1163 2599 1451 2656 παρ’[ίσταται]

562 2673 608 2729 [ἢ
640 2680 721 2713 τῶν
753 2671 911 2729 ὀρ]ει’ων
942 2669 1292 2727 νυμφογεννήῇου
1321 2670 1483 2727 γένουσ]

564 2742 748 2800 [θηρῶ]ν
780 2743 841 2783 τίσ
872 2742 965 2793 ἔστι,
999 2749 1123 2784 πᾶσιν
1154 2739 1358 2798 ἆγγὲλ[λω
1390 2740 1522 2798 τάδε]

553 2884 590 2931 ¹)
614 2884 840 2920 Pearsonius
866 2884 951 2930 (the
978 2884 1193 2929 fragments
1214 2883 1257 2918 of
1270 2882 1484 2929 Sophocles,
1504 2883 1731 2929 Cambridge
1749 2883 1856 2929 1917>
1875 2887 1964 2930 apte
1980 2883 2128 2918 confert

503 2945 544 2981 Ο.
563 2944 603 2980 C.
628 2943 698 2978 695
724 2947 758 2977 ἓν
782 2949 840 2978 τᾶι
865 2945 1014 2988 μεγάλαι
1040 2945 1169 2990 Δωρίδι
1192 2946 1296 2977 τ’άσωι
1314 2944 1472 2977 Hammo
1487 2945 1527 2977 et
1545 2942 1661 2979 schol.
1679 2942 1729 2978 ad
1748 2943 1790 2978 Ο.
1809 2942 1851 2979 R.
1869 2941 1940 2978 775
1957 2944 2069 2989 Δωρίσ
2083 2957 2128 2973 =

502 3006 800 3049 ΙΙελοποννησιακή
808 3030 816 3038 .

554 3062 588 3109 ²)
614 3062 809 3109 Supplem.
836 3062 949 3109 Soph.
975 3062 1034 3098 ed.
1061 3061 1184 3097 Diehl.
1211 3072 1297 3109 pag.
1321 3061 1354 3097 4.
