2274 3750
907 346 1144 389 *61-

265 477 432 521 Utrum
481 479 679 534 praestet
724 476 874 532 legere
920 478 1074 530 ὕστερ’,·
1119 478 1176 516 ὣσ
1220 490 1280 519 an
1322 476 1506 530 ὑστέρωσ,
1549 475 1674 518 haud
1704 455 1858 518 facile

205 548 341 591 dicas
391 548 619 604 Equidem
668 548 795 603 prius
841 548 1059 603 praefero,
1107 560 1216 589 nam
1264 560 1447 602 prorsus
1497 546 1618 589 idem
1672 546 1837 588 horum

88 603 94 609 „
128 623 134 629 '
204 617 449 663 verborum
493 618 608 660 mihi
651 618 773 660 color
814 632 908 660 esse
943 618 1126 661 videtur
1156 621 1294 675 atque
1327 618 1431 660 finis
1461 617 1584 660 illius
1617 617 1838 674 epistulae

203 689 414 732 omnium
445 689 765 745 lepidissimae,
799 688 878 731 ubi
901 688 1060 731 Theon
1084 702 1197 744 puer
1218 689 1335 744 patri
1358 687 1596 731 horribilia
1619 688 1836 740 minatur,

203 759 292 803 nisi
323 774 370 803 se
402 759 674 816 quantocius
705 764 902 802 arcessat
933 760 1061 816 (Pap.
1096 759 1180 803 Ox,
1215 760 1249 803 1.
1285 760 1409 812 119);
1443 759 1531 812 ”Apa
1561 761 1616 812 μὴ
1638 759 1836 813 πέμψηισ,

203 831 254 872 οὗ
283 832 338 884 μὴ
369 831 499 884 φάγω,
532 832 580 871 οὐ
611 832 667 884 μὴ
698 831 835 873 πείνω.
871 834 1027 873 Ταῦτα.

265 904 410 942 Ταῦτα
455 900 585 954 illud,
632 901 822 957 plenum
870 901 1058 957 puerilis
1105 901 1384 951 iracundiae,
1432 904 1586 943 nostro
1622 900 1720 942 loco
1757 901 1838 952 „dio
1899 944 1902 947 ,

66 983 67 986 ’
187 963 279 1023 ’ἐγὼ
308 970 438 1024 λέγω”
472 985 611 1028 quam
644 971 932 1014 simillimum
957 986 1052 1014 esse
1075 972 1239 1028 quiviS,
1263 971 1438 1028 opinor,
1467 971 1583 1013 mihi
1605 970 1834 1015 concedet.

203 1042 271 1086 Of.
313 1042 453 1085 etiam
497 1042 708 1098 Aeschyl.
748 1042 869 1099 Sept.
908 1043 991 1085 211
1036 1038 1124 1099 (ὧδ’
1162 1041 1234 1097 ἐ’χει
1266 1041 1414 1098 Myos),
1447 1041 1747 1085 Leeuwenius
1778 1042 1833 1084 ad

203 1112 437 1170 Aristoph.
471 1113 556 1157 Av.
590 1113 720 1156 1460.

261 1253 451 1312 ³62sqq.
511 1254 670 1298 Multis
726 1254 876 1298 verbis
932 1269 1090 1299 revera
1142 1254 1208 1297 nil
1250 1255 1417 1297 dixisse
1459 1254 1710 1310 Cyllenam‚
1755 1254 1832 1296 sed

203 1338 297 1368 sese
337 1325 673 1382 alumnumque
715 1325 834 1368 male
877 1339 1078 1381 purgans
1119 1325 1169 1367 in
1211 1324 1395 1381 Satyros
1436 1325 1592 1367 odium
1635 1328 1835 1367 tantum-

202 1395 339 1439 modo
390 1396 655 1453 prodidisse,
709 1411 805 1450 nos,
857 1397 934 1439 sed
987 1396 1112 1439 haud
1165 1396 1318 1438 minus
1365 1396 1505 1438 etiam
1551 1395 1637 1451 ipsi
1685 1395 1834 1451 Satyri

202 1466 493 1523 intellegunt.
537 1467 699 1524 Itaque
742 1467 966 1524 quidquid
1009 1466 1160 1509 adhuc
1193 1466 1475 1510 reverentiae
1513 1470 1748 1522 supererat
1777 1492 1835 1496 —

202 1548 287 1582 nec
332 1542 432 1582 erat
476 1538 923 1595 multum—prorsus
969 1538 1217 1581 abicientes
1248 1536 1519 1592 ambagibus
1550 1541 1687 1593 atque
1719 1536 1835 1579 fictis

203 1609 475 1653 commentis
516 1609 583 1652 nil
625 1609 710 1652 sibi
748 1623 861 1665 opus
903 1623 997 1651 esse
1036 1608 1236 1652 breviter
1267 1611 1513 1664 aperteque
1545 1607 1832 1651 denuntiant.

203 1680 490 1737 (362—369.)
521 1679 651 1723 Talia
682 1681 719 1723 si
752 1680 854 1737 quis
885 1683 1119 1736 comparat
1141 1693 1246 1721 cum
1269 1693 1333 1722 vs.
1358 1678 1442 1721 237
1464 1679 1601 1731 νύμφη
1623 1678 1834 1733 βαθύζωνε

204 1755 250 1795 et
285 1765 350 1796 VS.
389 1751 475 1794 352
513 1752 651 1793 τόπων
682 1751 837 1792 ἄνασσα
868 1750 1005 1801 τῶνδε,
1039 1748 1260 1803 Κυλλήνησ
1289 1750 1443 1799 σθένοσ,
1477 1753 1649 1805 quanto
1682 1749 1835 1791 minus

202 1821 328 1866 nunc
358 1822 510 1881 Satyri
542 1822 797 1878 nympham
821 1821 1084 1879 suspiciant,
1117 1835 1211 1863 non
1243 1820 1397 1864 videre
1429 1834 1523 1862 non
1555 1823 1714 1876 potest.
1741 1820 1834 1863 Nec

202 1892 336 1936 aliter
365 1907 424 1936 ex
455 1893 645 1950 reliquis
675 1893 942 1949 Satyrorum
974 1891 1126 1936 verbis
1157 1891 1421 1944 conicimuS‚
1455 1905 1585 1947 quae,
1622 1891 1834 1947 quamvis

203 1967 429 2021 corrupta,
475 1965 567 2007 huc
613 1965 705 2008 fere
742 1964 908 2007 redisse
952 1963 1059 2006 satis
1095 1962 1428 2018 intellegimus:
1482 1961 1676 2015 „Utrum
1713 1962 1835 2005 Iovis

204 2034 325 2078 filius
355 2049 415 2078 an
447 2035 563 2078 alius
595 2036 698 2092 quis
729 2035 904 2078 furtum
936 2034 1106 2088 fecerit,
1140 2033 1206 2076 nil
1238 2046 1464 2085 curamus,
1497 2046 1606 2075 nam
1629 2033 1834 2089 quisquis

203 2106 396 2150 iniurias
447 2106 688 2160 commisit,
732 2106 868 2163 culpa
908 2120 1088 2162 semper
1128 2104 1288 2148 eadem
1330 2107 1497 2146 manet.
1542 2103 1704 2159 Itaque
1739 2117 1833 2145 non

204 2177 332 2234 prius
362 2176 647 2231 absistemus,
687 2192 827 2234 quam
867 2177 1006 2221 boves
1046 2176 1177 2219 nobis
1209 2174 1408 2218 redditas
1439 2173 1734 2221 viderimus.''
1766 2173 1832 2217 Cf.

203 2249 288 2305 frg.
340 2248 423 2292 col.
466 2249 568 2293 XV.
623 2249 798 2293 Ultima
839 2248 1038 2305 denique
1080 2246 1217 2291 verba
1265 2245 1480 2302 Cyllenae
1522 2259 1587 2289 vs.
1631 2245 1716 2287 393
1757 2243 1833 2298 ἤδη

202 2335 250 2373 με
281 2320 435 2371 πνίγεισ
464 2322 529 2360 καὶ
561 2322 611 2361 σὺ
642 2320 729 2377 χα[ἰ
759 2320 850 2375 βόεσ
880 2319 995 2360 σέθεν
1027 2318 1259 2361 sufficiunt
1284 2317 1341 2359 ad
1378 2316 1637 2359 docendum
1674 2329 1833 2371 pacem

203 2403 499 2447 nequaquam
530 2391 687 2434 adesse
720 2395 763 2434 et
794 2404 974 2447 semper
1004 2389 1155 2432 adhuc
1187 2387 1443 2444 nympham
1479 2401 1505 2429 a
1537 2386 1628 2428 suis
1661 2385 1834 2428 deliciis

202 2462 380 2505 furtum
412 2475 506 2504 esse
539 2462 790 2504 admissum
823 2461 1046 2504 obstinate
1078 2473 1256 2515 negare.

264 2605 569 2662 362.,στρε’φου
599 2603 772 2656 λυγίζου.
810 2602 960 2646 Verba
991 2616 1049 2644 ex
1080 2601 1358 2644 athletarum
1395 2599 1556 2654 lingua
1591 2598 1648 2640 ad
1685 2601 1832 2640 artem

205 2678 452 2720 oratoriam
493 2675 727 2720 translata.
772 2674 838 2717 Of.
879 2674 1015 2716 Arist.
1050 2673 1165 2715 Ran.
1202 2671 1286 2714 775
1317 2671 1352 2710 οἱ
1383 2669 1420 2709 δ’
1453 2669 1690 2720 ἀκροώμενοι
1718 2667 1724 2725 Ι
1753 2675 1833 2709 τῶν

206 2747 444 2799 ἀντιλογιῶν
505 2749 568 2788 καὶ
634 2745 835 2798 λυγισμῶν
873 2746 937 2785 καὶ
979 2750 1159 2796 στροφῶν
1187 2741 1193 2800 Ι
1224 2741 1553 2794 ὑπερεμάνησαν.,
1595 2738 1704 2781 ibid.
1747 2738 1832 2780 957

207 2802 323 2870 νοεῖν,
372 2820 483 2873 ὁρᾶν,
532 2817 719 2870 ξυνιέναι,
765 2816 953 2869 στρέφειν,
1001 2821 1140 2866 περᾶν,
1189 2811 1400 2866 τεχνάζειν,
1441 2809 1640 2852 Acharn.
1678 2809 1764 2851 385
1795 2810 1833 2848 τί

206 2897 340 2931 ταῦτα
386 2890 536 2944 στρέφει
583 2888 786 2943 τεχνάζεισ
831 2903 872 2926 τε
923 2887 988 2926 καὶ
1031 2884 1176 2937 πορίζει
1218 2882 1381 2937 τριβάσ,·
1419 2881 1580 2936 Itaque
1613 2883 1658 2922 et
1688 2879 1832 2921 adiec-

205 2961 354 3004 tivum
406 2959 589 3004 verbale
636 2959 882 3012 ἀπόψηκτοσ
929 2970 986 2998 ex
1034 2954 1284 3011 palaestrae
1330 2952 1489 3007 lingua
1536 2951 1832 3006 desumptum

206 3045 300 3074 esse
352 3030 602 3076 verisimile
655 3029 771 3071 duco
823 3027 879 3070 ad
933 3040 1040 3069 eum
1086 3022 1453 3079 significandum,
1502 3020 1580 3077 qui
1629 3034 1686 3062 ne
1732 3034 1830 3076 pro-

207 3106 376 3146 stratus
406 3101 594 3158 quidem
625 3100 784 3142 iaceat.
821 3098 907 3151 (Cf.
941 3097 1078 3140 Arist.
1113 3094 1232 3138 Nub.
1267 3094 1350 3136 126
1383 3091 1472 3133 ἀλλ’
1494 3091 1580 3132 οὐδ’
1602 3091 1676 3140 ἐγὼ
1698 3091 1831 3142 μέντοι
