2274 3750
912 369 1145 413 -77-

208 485 399 530 domum
420 490 608 543 agentes
629 489 674 530 et
694 501 877 530 carmen
896 490 1110 531 canentes
1126 488 1444 546 conspicimus,
1462 487 1597 532 Hanc
1613 488 1838 546 parodum

207 561 328 601 certe
370 572 463 601 non
505 559 659 601 minus
695 572 789 601 esse
819 562 976 615 aptam
1007 573 1148 616 quam
1180 558 1480 616 Sophocleam
1512 563 1700 614 constat,
1732 574 1838 603 cum

208 630 474 685 praesertim
522 643 706 673 carmen
752 643 779 672 a
824 629 998 686 Satyris
1043 634 1278 673 cantatum
1325 631 1646 676 suavissimum
1695 631 1754 674 sit
1795 635 1840 674 et

208 713 377 755 magna
407 704 503 743 arte
535 701 851 757 compositum,
886 701 1015 744 cuius
1046 702 1261 744 carminis
1293 702 1477 745 initium
1511 706 1578 745 est
1609 702 1716 746 hoc:

741 775 828 813 Πᾶι
859 788 924 825 μοι
954 773 1149 824 γενναίων
1179 773 1380 827 πατέρων,

739 844 933 893 γενναίων
965 843 1001 883 δ’
1033 844 1073 884 ἐκ
1106 842 1305 894 τοκάδων,

736 922 812 955 πᾶι
844 913 893 967 δή
923 931 988 966 μοι
1020 915 1124 967 νίσηι
1154 912 1398 961 cracov-ristona,-

740 986 787 1025 οὐ
819 983 924 1025 παῖδ’
955 986 1159 1038 ὑπήνεμοσ
1189 984 1294 1039 αὔρα

738 1058 802 1096 καὶ
836 1056 982 1111 ποιηρὰ
1013 1056 1190 1112 βοτάνα,·

737 1126 871 1168 δινᾶεν
903 1125 940 1166 δ’
966 1125 1073 1181 ὕδωρ
1104 1134 1303 1179 ποταμῶν

737 1198 779 1239 ἓν
811 1198 995 1251 πίστραισ
1025 1206 1150 1238 κεῖται
1183 1196 1311 1238 πέλασ
1352 1197 1422 1239 ἄν·

737 1285 855 1322 τρων,
887 1266 935 1310 οἷν
966 1283 1024 1310 σοι
1055 1267 1202 1324 βλαχαὶ
1235 1269 1391 1311 τεκέων.

263 1339 412 1383 Hosce
455 1354 612 1384 versus
653 1341 739 1383 hac
781 1340 836 1383 de
879 1354 1014 1383 causa
1055 1339 1273 1392 exscribo,
1317 1340 1438 1396 quod
1470 1343 1565 1383 tani
1597 1341 1834 1398 perspicue

203 1409 320 1454 mihi
366 1411 532 1455 vitium
579 1411 782 1454 indicare
830 1411 1058 1464 videntur,
1101 1424 1205 1467 quo,
1250 1425 1354 1453 mea
1383 1411 1572 1467 quidem
1603 1412 1834 1468 opinione,

203 1481 447 1538 pulchrum
490 1482 578 1525 hoc
618 1496 802 1525 carmen
846 1481 1043 1525 laborat:
1088 1481 1277 1524 omnino
1319 1482 1444 1524 enim
1485 1482 1634 1525 forma
1678 1482 1835 1525 dictio-

201 1565 352 1609 neque
383 1551 651 1609 Satyrorum
684 1552 868 1609 propria
898 1551 1163 1608 Satyrisque
1190 1551 1297 1594 solis
1327 1556 1434 1608 apta
1465 1566 1616 1595 carere
1639 1552 1687 1595 id
1708 1556 1833 1609 puto.

200 1622 294 1666 Fac
340 1637 376 1667 e.
393 1638 438 1679 g.
485 1623 704 1680 nymphis
751 1622 1027 1679 quibusdam
1079 1622 1151 1666 vel
1204 1621 1461 1678 pastoribus
1511 1623 1597 1666 hoc
1648 1637 1833 1667 carmen

198 1694 483 1738 cantandum
514 1694 652 1738 fuisse
684 1697 730 1737 et
759 1693 892 1737 facile
923 1693 1160 1749 intelleges
1191 1693 1257 1736 nil
1289 1693 1381 1736 fere
1408 1694 1578 1736 mutari
1600 1692 1830 1747 debuisse;

200 1764 328 1822 quid,
371 1766 495 1823 quod
534 1765 594 1809 ad
630 1765 852 1821 tragicam
883 1764 1088 1807 fabulam
1120 1763 1194 1808 vel
1226 1764 1397 1820 optime
1429 1764 1654 1820 quadrare
1686 1768 1833 1821 potest

201 1849 260 1879 ne
290 1835 431 1881 verbo
462 1836 650 1894 quidem
682 1836 892 1879 mutato?

261 1906 365 1950 Non
395 1907 538 1963 igitur
569 1910 636 1950 est
667 1920 853 1950 carmen
884 1905 1083 1958 artificis,
1117 1905 1196 1962 qui
1229 1905 1497 1961 Satyrorum
1530 1919 1677 1948 mores
1699 1906 1830 1948 semi-

200 1977 319 2022 feros
364 1981 503 2036 atque
548 1978 677 2021 omni
724 1977 850 2020 cultu
895 1976 1068 2019 alienos
1114 1976 1342 2019 illustrare
1389 1975 1547 2030 voluit,
1594 1979 1641 2019 at
1681 1976 1831 2032 potius

200 2052 374 2105 poetae,
416 2050 498 2106 qui
539 2063 738 2092 carmen.
767 2048 898 2090 dulce
936 2061 1207 2104 componere
1239 2046 1427 2100 studuit,
1461 2046 1650 2102 quinam
1682 2051 1831 2089 essent

201 2123 420 2174 cantores,
445 2135 539 2164 non
560 2134 738 2163 curans.
763 2118 943 2162 Obiciat
965 2118 1080 2161 mihi
1108 2118 1295 2160 fortasse
1327 2117 1493 2174 aliquis
1525 2117 1610 2160 hoc
1641 2117 1828 2174 quidem

202 2196 362 2250 poetae
392 2206 488 2235 non
519 2205 648 2248 posse
680 2190 793 2234 vitio
824 2189 937 2243 dari,
970 2189 1093 2245 quod
1125 2203 1190 2242 ea,
1224 2202 1340 2244 quae
1373 2188 1527 2230 animo
1558 2188 1829 2244 conceperit,

200 2263 400 2320 eleganti
440 2263 588 2306 forma
629 2261 839 2305 enuntiet
871 2263 915 2303 et
945 2260 1057 2303 alios
1089 2273 1196 2313 esse,
1230 2273 1353 2301 nunc
1389 2261 1434 2301 et
1464 2258 1588 2312 olim,
1621 2258 1830 2301 homines

200 2334 251 2380 in
291 2348 426 2377 scena
466 2333 644 2390 poetica
680 2333 840 2388 lingua
870 2333 1064 2384 utentes,
1097 2329 1208 2373 alios
1239 2329 1450 2372 homines
1481 2329 1587 2372 trito
1619 2343 1827 2372 sermone

199 2404 320 2448 inter
351 2419 397 2448 se
429 2404 751 2460 colloquentes.
784 2402 947 2446 Statim
979 2401 1190 2445 concedo.
1223 2400 1420 2443 Eosdem
1451 2403 1606 2442 autem
1645 2399 1828 2456 Satyros

201 2489 295 2519 una
334 2475 587 2532 eademque
628 2475 678 2517 in
718 2473 874 2517 fabula
915 2473 1036 2515 intra
1077 2485 1328 2529 paucorum
1370 2484 1587 2515 versuum
1626 2471 1826 2527 spatium

199 2547 336 2590 modo
367 2546 570 2590 carmine
602 2545 738 2589 melle
769 2544 970 2588 dulciore
997 2546 1269 2600 spectatores
1291 2541 1528 2596 delectare,
1551 2541 1685 2584 modo
1706 2541 1826 2584 iocos

200 2617 416 2662 obscenos
453 2620 496 2660 et
528 2617 676 2659 ridere
709 2619 753 2658 et
784 2629 970 2658 narrare
1002 2615 1211 2670 ineptum
1245 2627 1338 2656 esse
1370 2626 1546 2655 censeo.

259 2688 360 2734 Vss.
385 2686 618 2731 180-187
641 2686 824 2743 Satyros
845 2700 927 2743 pro
949 2688 1115 2728 natura
1136 2698 1218 2727 sua
1239 2683 1376 2726 nimis
1397 2683 1597 2726 eruditos
1617 2682 1674 2725 de
1695 2653 1825 2739 rapta

199 2759 381 2802 Helena
415 2757 669 2815 Troiaeque
701 2756 934 2800 obsidione
967 2755 1122 2799 omnia
1153 2757 1385 2811 comperta
1415 2753 1583 2796 habere
1614 2757 1823 2810 apparet:

199 2830 325 2888 quid,
354 2830 477 2887 quod
498 2829 737 2872 historiam
758 2828 899 2871 etiam
920 2827 1114 2884 turpiter
1135 2828 1318 2868 mutant
1339 2827 1442 2880 (vsa
1466 2824 1551 2866 180
1563 2823 1648 2880 sq.)
1669 2827 1713 2866 et
1734 2824 1826 2866 suis

199 2900 350 2946 verbis
381 2900 656 2943 sententiam
687 2898 819 2942 nobis
850 2897 985 2954 plane
1018 2897 1314 2953 Euripideam
1346 2894 1599 2938 obtrudunt
1628 2894 1711 2951 (ve.
1741 2894 1826 2936 186

198 2971 388 3026 μηδαμοῦ
417 2971 531 3022 γένοσ
560 2971 659 3011 ποτὲ
687 2969 694 3027 Ι
721 2977 842 3023 φῦναι
873 2975 1074 3019 γυναικῶν
1104 2965 1222 3019 ὤφελ’
1254 2991 1311 2998 —-
1342 2967 1372 3006 εἰ
1403 2967 1457 3019 μὴ
1490 2967 1566 3018 ’μοὶ
1598 2964 1786 3021 μόνωι.)Ῡ

259 3041 420 3085 Cetera
461 3040 728 3097 Satyrorum
769 3038 910 3084 verba
950 3042 1129 3096 praeter
1169 3036 1391 3079 libertatis
1422 3035 1699 3078 desiderium
1731 3035 1822 3077 iam

201 3112 327 3168 prius
369 3111 500 3154 nobis
542 3125 805 3167 expressum
849 3113 893 3151 et
933 3110 1102 3151 iustum
1142 3107 1358 3150 adversus
1390 3106 1632 3161 Cyclopem
1667 3105 1822 3147 odium
