2274 3750
1174 349 1409 391 -52„.

477 478 608 521 nobis
651 478 788 521 statui
830 477 958 535 posse
999 477 1273 534 Sophoclem
1315 491 1498 521 causam
1540 492 1634 521 non
1675 477 1902 532 habuisse,
1946 491 2028 521 cur
2057 479 2108 522 in

478 557 658 604 τεχνικῆι,
693 553 743 590 ut
771 549 836 591 ita
862 549 1026 602 dicam,
1056 548 1359 604 descriptione
1391 548 1448 591 ab
1480 549 1548 602 iis,
1571 563 1689 605 quae
1719 549 1923 604 hymnus
1954 562 2108 592 narra-

477 620 567 672 bat,
611 619 874 662 discederet.
919 619 1090 676 Utique
1137 623 1293 662 tamen
1341 620 1589 662 tenendum
1640 623 1708 662 est
1754 619 2107 676 discrepantiam

477 691 860 747 qualemcumque
901 691 1022 733 inter
1063 691 1227 746 hymni
1269 694 1406 747 atque
1448 690 1663 747 Cyllenae
1706 690 1845 735 verba
1891 705 1949 733 ex
1996 704 2107 735 voce

476 760 755 815 ῥινοκόλλητοσ
795 761 897 804 elici
929 775 1013 804 nec
1046 775 1173 818 posse
1204 775 1289 804 nec
1320 761 1469 804 licere.
1503 762 1541 804 E
1575 766 1792 805 contextu
1825 761 1950 804 enim
1981 761 2108 804 lucu-

475 833 622 875 lenter
664 837 865 889 apparet,
909 847 1049 889 quam
1094 833 1186 875 vim
1233 833 1522 890 coloremque
1564 833 1839 877 vocabulum
1882 833 1969 876 hoc
2009 832 2108 876 loco

476 903 692 947 obtineat.
747 903 899 960 Satyri
950 904 1303 960 descriptionem
1354 904 1634 947 audiverunt
1693 904 2003 958 instrumenti,
2050 903 2107 946 de

477 989 568 1030 quo
600 973 751 1017 adhuc
784 974 902 1017 nihil
934 978 1242 1031 cognoverant
1274 988 1357 1017 nec
1389 988 1598 1031 unquam
1629 988 1898 1030 cognoscere
1929 974 2106 1027 volunt,

476 1046 647 1102 optime
669 1049 824 1089 tamen
846 1045 1124 1102 intellegunt
1144 1047 1315 1088 mirum
1338 1045 1453 1088 illud
1477 1046 1715 1088 Musarum
1731 1046 2105 1098 instrumentum,

476 1132 533 1160 ex
571 1121 701 1174 rapto
737 1116 867 1161 bovis
900 1117 1020 1160 corio
1051 1117 1225 1160 factum
1257 1132 1375 1170 esse;
1409 1117 1563 1174 itaque
1601 1121 1781 1173 praeter
1811 1117 1898 1160 hoc
1929 1120 1976 1160 et
2004 1115 2108 1173 Gyl-

475 1188 606 1231 lenae
657 1188 775 1241 irati,
829 1188 951 1244 quod
993 1189 1170 1231 furtum
1211 1203 1238 1231 a
1285 1189 1513 1231 Mercurio
1559 1188 1854 1231 commissum
1901 1187 2107 1231 confiteri

475 1273 569 1301 non
582 1259 694 1313 vult,
708 1259 912 1315 maligna
923 1260 1263 1316 contemptione
1275 1259 1426 1316 lyram
1438 1267 1567 1315 χρῆμα
1579 1263 1749 1302 vocant
1764 1257 2046 1314 ῥινοκόλλητον
2058 1258 2106 1314 1),

476 1331 631 1373 stricto
659 1345 793 1373 sensu
821 1331 1184 1374 instrumentum
1217 1345 1311 1374 esse
1343 1346 1436 1373 non
1469 1333 1592 1385 ῥινοῖσ
1623 1328 1912 1384 κεκολλημένον
1942 1343 2106 1387 pamm

476 1405 701 1456 curantes,
739 1405 791 1444 ut
820 1402 924 1444 irati
958 1402 1106 1444 solent
1136 1416 1231 1444 esse
1262 1402 1617 1458 negligentiores
1648 1401 1696 1444 in
1728 1400 1970 1458 loquend0.

535 1500 649 1588 3⁰9?
659 1544 727 1587 De
748 1545 1006 1600 fragmento
1027 1558 1054 1587 a
1072 1543 1317 1587 Schenklio
1340 1544 1430 1587 huc
1451 1544 1620 1587 inserto
1639 1543 1742 1588 vide
1764 1543 1885 1586 infra
1906 1556 2008 1600 pag.
2032 1543 2103 1586 62.

534 1685 772 1731 316-321.
817 1686 988 1730 Versus
1030 1686 1328 1740 dulcissimos,
1370 1685 1539 1743 quibus
1570 1685 1678 1729 novi
1710 1685 1779 1729 vis
1810 1684 2105 1728 instrumenti

475 1771 502 1799 a
535 1757 736 1813 Oyssena,
771 1757 845 1801 vel
877 1758 1027 1814 potius
1048 1772 1076 1801 a
1096 1757 1331 1814 Sophocle,
1355 1757 1501 1814 perito
1523 1761 1568 1800 et
1588 1757 1686 1814 ipso
1706 1757 1833 1813 lyrae
1855 1760 2039 1799 cantore
2055 1755 2106 1811 2),

476 1827 759 1882 describitur,
793 1829 1074 1872 Reinachius
1090 1828 1126 1884 3)
1158 1828 1478 1873 venustissime
1509 1828 1572 1871 sic
1605 1828 1763 1871 vertit:

714 1900 848 1943 Voila
878 1900 920 1943 le
953 1899 1050 1943 seul
1076 1900 1217 1956 jouet,
1251 1900 1331 1956 qui
1364 1899 1508 1942 calme
1541 1913 1623 1942 son
1655 1898 1797 1942 ennui

712 1975 757 2014 et
793 1971 972 2014 console
1004 1985 1087 2014 son
1119 1985 1267 2014 coeur.
1301 1971 1400 2013 Pris
1431 1970 1543 2013 d’un
1570 1970 1743 2026 joyeux
1775 1969 1916 2012 delire

712 2042 744 2084 il
777 2042 956 2096 chante,
990 2046 1034 2085 et
1066 2056 1115 2085 sa
1146 2043 1350 2085 chanson
1381 2041 1606 2084 s'accorde
1637 2055 1748 2085 avec
1779 2040 1824 2083 la
1854 2040 1965 2097 lyre,

714 2113 794 2170 qui
827 2127 955 2157 verse
987 2127 1035 2156 sa
1067 2113 1268 2156 douceur
1299 2126 1376 2155 sur
1406 2112 1486 2156 lui.

655 2186 663 2192 ‘
714 2183 815 2237 Oui,
848 2184 1179 2238 l’enfaut-dieu,
1212 2198 1301 2240 que
1333 2198 1415 2226 son
1445 2183 1580 2239 genie
1611 2185 1828 2239 emporte,

713 2270 739 2297 a
771 2255 853 2297 fait
884 2256 1031 2298 naitre
1062 2254 1107 2298 la
1138 2254 1246 2299 voix
1278 2255 1392 2297 dans
1423 2269 1514 2297 une
1546 2253 1648 2296 bete
1680 2256 1839 2296 morte.

530 2470 559 2512 ¹)
584 2468 678 2504 Nos:
706 2468 800 2512 „dat
825 2467 1167 2514 huiden-geplakte
1194 2467 1273 2503 lor”
1299 2466 1344 2502 cf.
1364 2466 1412 2502 ad
1430 2478 1484 2502 vs.
1500 2466 1582 2501 136.
1607 2465 1849 2501 Adiectivum
1875 2467 2110 2511 ῥιινοκόλλητοσ

476 2527 530 2562 nil
570 2527 763 2574 pertinere
801 2527 849 2562 ad
876 2527 1019 2574 Hymni
1045 2538 1097 2564 vs,
1123 2526 1169 2562 48
1197 2529 1256 2561 διὰ
1284 2529 1388 2571 ῥινοῖο
1411 2528 1562 2572 χελώνησ
1585 2525 1668 2562 coll.
1695 2525 1799 2562 Ichn.
1824 2535 1880 2562 vs,
1901 2523 1974 2560 366
1996 2526 2108 2560 ἄλλων

475 2589 610 2628 ἔκλεψεν
629 2591 717 2630 βοῶν
743 2602 807 2622 που
828 2590 931 2633 δοράσ
947 2586 1194 2622 manifestum
1215 2589 1284 2621 est.
1307 2585 1500 2627 Quomodo
1518 2585 1682 2632 denique
1700 2584 1801 2619 corio
1818 2583 1914 2619 effici
1929 2583 2109 2630 potuerit,

476 2651 521 2682 ut
546 2650 740 2682 extremae
767 2646 1001 2681 arundinum
1029 2648 1158 2692 partes
1183 2645 1257 2691 (vel
1283 2645 1411 2691 potius
1429 2643 1654 2690 arundines)
1672 2643 1775 2679 inter
1791 2654 1830 2678 se
1847 2642 2109 2687 cohaererent,

477 2706 615 2741 velutsi
641 2706 933 2752 conglutinatae
961 2708 1099 2750 essent,
1125 2707 1169 2740 ut
1195 2704 1279 2739 vult
1303 2704 1537 2750 Koettgenia
1564 2714 1648 2750 pag.
1674 2703 1731 2748 66,
1758 2713 1818 2738 me
1842 2701 1956 2748 fugit.

527 2768 558 2808 2)
585 2765 778 2811 Allegrius
803 2765 854 2802 l.l.
881 2776 967 2811 pag.
991 2764 1081 2800 251:
1108 2763 1315 2811 „Sophocle
1339 2762 1437 2798 etait
1461 2763 1664 2798 lui-meme
1689 2773 1739 2797 un
1761 2759 2107 2807 habilejoueur.de
2157 2771 2162 2775 ·

476 2824 578 2871 lyre:
605 2825 631 2859 il
659 2824 765 2860 avait
791 2824 874 2860 subi
901 2825 940 2859 la
964 2822 1194 2859 fascination
1221 2822 1268 2858 de
1293 2823 1332 2858 la
1358 2822 1534 2868 musique
1560 2825 1600 2857 et
1618 2822 1744 2857 savait
1762 2821 1889 2867 quelle
1908 2819 2107 2867 puissance

475 2883 640 2918 emotive
663 2883 785 2918 reside
811 2883 907 2918 dans
934 2882 1128 2918 l’aimable
1149 2882 1260 2927 jouet
1285 2880 1535 2923 d‘Hermese’,
1559 2891 1658 2927 quae
1685 2879 1801 2915 verba
1826 2879 1950 2914 multo
1969 2878 2106 2914 melius

478 2942 660 2988 intellego
692 2953 809 2989 quam
837 2942 994 2977 Huntii:
1022 2941 1125 2986 „The
1150 2941 1295 2987 nymph
1322 2940 1410 2975 does
1435 2943 1503 2975 not
1530 2950 1631 2974 seem
1659 2943 1698 2974 to
1725 2939 1822 2974 have
1847 2938 1964 2974 taken
1991 2937 2104 2973 much

477 3001 652 3047 pleasure
679 3001 717 3036 in
746 3002 914 3036 Hermes'
951 3001 1111 3036 musical
1145 3000 1309 3036 efforts.”
1345 2998 1396 3034 De
1435 2999 1619 3045 Sophocle
1657 2998 1861 3033 citharista
1899 2997 1947 3034 cf.
1974 2997 2103 3032 Vitam

477 3064 518 3094 et
541 3060 681 3095 Athen.
707 3059 756 3096 20
780 3071 834 3106 sq.

528 3119 561 3163 ³)
587 3118 735 3164 Figaro.
762 3119 893 3165 Suppl.
920 3119 1014 3154 Litt.
1038 3118 1086 3153 10
1110 3118 1212 3153 Aofit
1237 3116 1343 3153 1912.
