2274 3750
903 327 1139 370 -39—

208 475 269 504 an
300 461 499 516 chorago
531 461 623 503 sint
655 459 950 503 attribuendi.
984 460 1194 517 Chorago
1226 461 1402 504 dandos
1433 464 1587 504 censet
1618 461 1837 516 Huntius,

208 531 285 576 sed
333 532 543 586 infirmis,
591 535 643 574 ut
690 531 866 587 opinor,
910 531 1036 574 nisus
1076 532 1373 587 argumentis,
1406 546 1603 589 quorum
1633 532 1839 589 >primum

207 606 296 646 est:
349 601 458 655 „but
503 602 611 645 XII.
661 601 776 644 2—3
809 601 909 656 (291
945 601 1029 658 sq.)
1070 602 1162 645 and
1195 602 1328 656 XIII,
1364 602 1537 646 14-16
1568 603 1838 660 (330—332)

207 673 444 729 distinctly
475 673 604 730 point
637 672 714 716 the
747 672 878 715 other
897 673 931 728 1)
954 687 1066 728 way.
1090 673 1156 715 To
1177 674 1282 729 give
1305 674 1433 717 those
1454 673 1571 717 lines
1593 677 1638 717 to
1656 674 1838 718 Silenus

207 736 246 788 is
289 743 557 801 practically
602 747 649 787 to
695 743 831 786 make
873 743 973 786 him
1013 744 1122 787 here
1155 743 1496 801 Ooryphaeus.’'
1530 745 1754 799 Concedo,
1787 750 1838 789 ut

206 815 300 859 iam
350 815 480 872 prius
533 814 753 858 concessit
798 813 1174 859 Wilamowitzius
1196 816 1245 868 2).
1293 815 1395 859 Ηο0
1441 818 1596 859 autem
1644 815 1836 871 obstare,

207 886 455 944 quominus
486 886 568 929 hos
599 900 756 930 versus
788 885 878 928 alia
909 886 1307 941 argumentatione
1335 885 1513 930 inducti
1535 886 1689 930 Sileno
1711 888 1837 931 attri-

152 980 159 986 ·
206 958 414 1011 buamus,
459 972 591 1014 nego,
635 971 740 1000 cum
783 957 1051 1014 praesertim
1092 971 1174 1014 per
1215 961 1358 1001 totam
1390 958 1596 1001 fabulam
1629 958 1836 1002 Silenum

207 1028 333 1073 chori
379 1028 508 1072 ducis
549 1028 756 1085 partibus
794 1028 925 1084 fungi
957 1027 1382 1072 animadvertamus
1414 1029 1553 1086 idque
1585 1043 1692 1072 cum
1723 1030 1837 1072 anti-

207 1099 367 1156 quiore
398 1099 579 1142 fabulae
612 1099 788 1155 origine
811 1099 1053 1142 cohaerere
1075 1099 1299 1153 videatur,
1320 1100 1373 1143 cf.
1393 1099 1648 1157 Marquarti
1665 1099 1836 1143 librum

206 1170 263 1215 de
304 1170 514 1227 Cyclopis
545 1169 783 1226 Euripidei
815 1170 991 1226 origine
1008 1169 1044 1226 3)
1074 1184 1177 1226 pag.
1213 1170 1290 1214 39:
1329 1170 1420 1224 „Ist
1451 1170 1568 1214 doch
1600 1170 1681 1213 der
1712 1170 1838 1214 Silen

205 1242 287 1286 der
318 1241 667 1299 urspriingliche
701 1241 983 1285 Ohorfiihrer
1013 1241 1095 1284 der
1124 1241 1304 1298 Satyrn,
1339 1242 1419 1285 der
1450 1242 1547 1285 sich
1580 1256 1671 1286 von
1692 1241 1836 1285 ihnen

205 1313 272 1357 als
314 1312 782 1369 Einzelschauspieler
821 1311 1035 1368 losgelost
1074 1311 1214 1367 hat.'’‚
1257 1326 1398 1369 quam
1439 1313 1705 1370 opinionem
1741 1318 1837 1356 ante

206 1398 327 1428 nova
357 1383 690 1440 Indagatorum
722 1383 981 1439 fragmenta
1012 1383 1134 1426 edita
1166 1383 1344 1440 scriptis
1375 1383 1627 1428 mandavit.

265 1454 478 1499 Alterum
510 1458 577 1498 est
607 1457 958 1510 argumentum:
997 1454 1066 1507 „It
1096 1468 1204 1511 may
1235 1454 1329 1498 also
1360 1454 1416 1498 be
1448 1455 1642 1509 noticed,
1666 1455 1767 1498 that
1787 1456 1836 1498 in

206 1527 276 1570 IX
317 1526 464 1570 9-13
506 1525 689 1569 Silenus
731 1525 787 1581 (if
814 1525 872 1568 he
904 1525 942 1568 is
974 1529 1131 1568 meant
1161 1525 1223 1582 by
1254 1524 1460 1582 δεσπότηι)
1491 1526 1529 1568 is
1564 1526 1836 1583 apparently

205 1597 381 1655 spoken
412 1597 460 1640 of
488 1611 536 1640 as
567 1597 606 1640 if
632 1597 691 1640 he
723 1611 840 1640 were
871 1600 953 1639 not
983 1595 1210 1653 present.''
1243 1596 1361 1640 Cum
1392 1599 1547 1640 autem
1578 1596 1836 1654 Dionysum

207 1684 303 1714 esse
333 1669 532 1724 δεσπότην
563 1668 871 1722 statuerimus,
905 1668 1044 1711 hocce
1075 1671 1403 1724 argumentum
1425 1683 1518 1711 non
1541 1668 1675 1712 valet.
1699 1668 1834 1722 Quid,

207 1739 330 1798 quod
362 1740 738 1784 Wilamowitzius
759 1740 796 1795 4)
828 1739 1002 1796 optimo
1033 1739 1130 1782 iure
1163 1739 1391 1782 intellexit
1412 1740 1510 1783 fieri
1531 1740 1720 1782 omnino
1742 1754 1836 1782 non

205 1812 418 1868 potuisse,
462 1815 514 1854 ut
554 1811 712 1854 furtim
758 1810 939 1854 Silenus
981 1811 1077 1854 sine
1115 1810 1211 1853 ulla
1241 1810 1360 1853 iusta
1391 1825 1539 1864 causa,
1571 1809 1711 1854 verbo
1740 1815 1835 1853 non

205 1881 341 1937 dicto,
380 1883 702 1927 evanesceret?
733 1881 887 1925 Sileno
919 1881 1061 1938 igitur
1091 1881 1174 1924 hos
1206 1895 1362 1925 versus
1394 1882 1501 1925 dare
1534 1896 1628 1925 non
1659 1880 1832 1926 dubito.

262 2023 371 2070 254.
421 2024 670 2078 „Naturam
717 2024 816 2067 soni
863 2023 1120 2080 explicare'’
1169 2024 1339 2066 Graece
1387 2022 1538 2067 verbis
1583 2023 1744 2078 φράζειν
1789 2025 1834 2064 τὸ

204 2096 368 2149 φθέγμα
413 2095 644 2139 enuntiari
686 2109 780 2138 non
813 2109 940 2151 posse
974 2099 1093 2138 recte
1125 2094 1419 2150 Vollgraffius
1451 2094 1724 2138 Pearsonius
1755 2094 1833 2137 alii

205 2166 646 2211 animadverterunt.
694 2166 828 2218 Quod
870 2166 1037 2209 vitium
1079 2169 1131 2208 ut
1172 2165 1315 2219 tollat,
1348 2165 1642 2221 Vollgraffius
1663 2165 1698 2222 5)
1739 2165 1834 2208 lan-

204 2238 392 2294 guidam
425 2238 625 2281 Theonis
655 2237 899 2280 lectionem
933 2244 1053 2278 τοῦτο
1086 2245 1175 2276 πῶσ
1204 2245 1329 2289 φωνεῖ
1356 2236 1529 2292 recipit,
1564 2236 1834 2280 Pearsonius

205 2308 346 2353 verba
362 2309 530 2352 tradita
546 2309 787 2353 vindicans
808 2308 969 2353 vertit:
997 2308 1102 2362 „tell
1121 2322 1174 2351 us
1195 2307 1318 2350 what
1340 2307 1431 2350 this
1453 2307 1597 2350 sound
1616 2309 1832 2362 means.’',

205 2394 460 2438 perperam,
493 2380 530 2423 si
562 2379 674 2436 quid
696 2380 843 2432 video,
867 2394 976 2422 nam
998 2380 1020 2420 ὅ
1041 2378 1156 2436 usti)
1179 2382 1279 2421 tum
1301 2378 1453 2434 potius
1474 2379 1834 2434 exspectandum

205 2455 302 2495 erat
333 2452 406 2507 (cf.
440 2451 556 2508 302).
590 2451 820 2507 Equidem
852 2453 1011 2493 utrum
1043 2450 1273 2506 scriptoris
1306 2463 1454 2492 errore
1486 2449 1638 2503 φράσον
1664 2464 1721 2492 ex
1742 2451 1833 2493 fine

206 2536 362 2567 versus
402 2522 716 2579 praecedentis
756 2521 1001 2578 irrepserit,
1045 2521 1108 2564 ita
1141 2524 1191 2563 ut
1222 2520 1371 2563 deleto
1403 2519 1675 2564 emblemate
1707 2521 1833 2564 aliud

259 2690 291 2736 Ι)
315 2690 373 2726 Sc.
400 2700 474 2724 non
501 2700 582 2724 esse
607 2688 789 2732 Silenum,
816 2687 881 2733 qui
909 2687 1094 2733 loquitur.

256 2749 291 2794 ²)
323 2747 576 2784 Sonderabdr.
609 2757 694 2793 pag.
720 2747 783 2783 15:
811 2746 938 2790 „Silen
968 2745 1160 2781 bekonnnt
1186 2745 1270 2780 cine
1299 2745 1416 2788 Rolle,
1444 2744 1512 2779 wie
1541 2744 1608 2778 wir
1634 2744 1687 2778 sie
1714 2745 1834 2790 allge-

207 2809 308 2844 mein
344 2807 526 2854 gewohnt
563 2806 648 2841 sind
686 2806 770 2841 dein
811 2805 1044 2840 Ohorfsthrer
1079 2816 1123 2839 zu
1150 2804 1283 2850 geben,
1309 2804 1376 2838 der
1401 2803 1461 2838 die
1486 2803 1646 2838 Jamben
1672 2803 1734 2838 fur
1760 2803 1831 2838 den

205 2868 304 2903 ΟΙιοι·
329 2866 487 2913 spricht,
513 2866 611 2901 ohne
638 2876 706 2900 von
736 2864 879 2900 diesem
907 2864 1112 2910 gesondert
1138 2874 1183 2898 zu
1211 2863 1327 2898 sein.‘⁷

256 2925 290 2970 ³)
317 2925 383 2960 Die
397 2924 611 2970 Datierung
625 2924 690 2959 des
704 2923 1016 2970 Euripidei'schcn
1032 2923 1212 2968 Kyklops.
1228 2923 1269 2958 lt.
1285 2922 1498 2967 Μαι-(111311.
1514 2921 1623 2956 ualle
1638 2932 1660 2956 a
1674 2921 1709 2956 S.
1729 2920 1832 2957 1912.

257 2985 291 3030 ²¹)
323 2984 577 3019 Sondcrabdr.
611 2995 696 3030 pag.
723 2984 788 3018 ‘152
826 2983 934 3029 .,dasz
971 2982 1078 3018 llunt
1110 2981 1315 3025 annimmt,
1342 2992 1383 3015 cr
1409 2984 1511 3015 ware
1538 2990 1831 3026 weggegangen,

205 3053 284 3079 was
309 3043 404 3078 doch
430 3042 608 3078 wirklich
631 3042 785 3077 wortlos
810 3042 920 3077 nicht
943 3041 1155 3088 geschehen
1182 3040 1359 3076 konnte.’'

257 3103 288 3146 ⁵)
314 3102 452 3137 Mnem.
479 3101 581 3146 1914,
609 3111 693 3148 pag.
719 3101 800 3136 170.
