2274 3750
808 376 1042 421 ...33-

113 507 318 568 praemio
340 507 535 564 dignum
557 511 602 551 te
624 507 861 564 praesta.'',
883 508 1033 551 choras
1055 507 1197 563 igitur
1218 507 1334 550 abire
1349 507 1398 550 in
1415 507 1571 550 animo
1587 505 1741 561 habet,

113 577 280 620 retinet
320 592 396 621 eos
437 577 614 621 Silenus.
660 578 861 631 Accedit,
905 578 1040 634 quod,
1085 577 1386 620 Pearsonium
1422 578 1459 620 si
1491 577 1741 635 sequimur,

113 663 297 706 prorsus
337 663 431 692 non
472 648 703 704 intellego,
747 649 977 705 quomodo
1018 662 1106 692 vss.
1145 648 1378 692 206—211
1423 652 1467 691 et
1509 648 1742 691 211—215

113 719 233 763 inter
263 734 310 762 se
342 720 628 763 cohaereant.
662 719 780 762 Sunt
811 719 936 762 enim
969 734 1056 764 VSS.
1091 719 1324 762 206—211
1363 733 1548 762 carmen
1586 734 1613 768 a
1648 723 1743 762 toto

113 790 265 844 choro,
298 791 555 847 coryphaeo
576 791 719 847 igitur
739 791 867 844 duce,
891 794 1141 844 cantatum,
1166 805 1256 847 quo
1278 791 1522 847 speluncae
1544 790 1742 846 incolam

114 861 281 905 frustra
311 861 528 904 lacessere
562 862 800 915 videntur;
834 862 1040 918 sequitur
1071 876 1135 906 vs.
1180 862 1288 906 211:
1332 861 1447 915 „illis
1466 862 1499 917 1)
1530 861 1622 918 (vel
1653 861 1746 914 illis

114 931 306 988 artibus)
339 932 527 989 quidem
560 947 654 975 non
685 932 900 989 prodibit,
933 936 980 976 at
1010 947 1081 989 eyo
1113 933 1203 976 alia
1234 932 1412 986 moliar,
1436 936 1487 975 ut
1507 947 1605 976 rem
1628 932 1744 975 mihi

115 1002 402 1060 expediam''.
451 1003 628 1046 Siccine
671 1018 778 1059 ergo
819 1003 1025 1060 loquitur
1066 1004 1363 1060 coryphaeus,
1397 1004 1477 1060 qui
1508 1018 1612 1060 pars
1648 1003 1744 1060 ipse

67 1126 74 1134 ι
116 1074 243 1117 chori
261 1075 401 1117 modo
424 1078 614 1117 conatus
636 1078 715 1128 est,
740 1088 856 1131 quae
879 1074 945 1117 nil
968 1075 1289 1131 profecerunt?
1312 1074 1505 1118 Credere
1528 1089 1620 1118 non
1647 1088 1745 1131 pos-

114 1160 230 1200 sum,
263 1149 312 1189 at
342 1146 488 1189 multo
520 1146 816 1190 verisimilius
849 1146 962 1189 mihi
996 1146 1182 1203 quidem
1216 1146 1399 1190 videtur
1440 1146 1583 1189 alium
1622 1160 1745 1188 nunc

114 1217 256 1274 loqui,
289 1217 368 1274 qui
402 1232 606 1261 seorsum
638 1232 666 1260 a
697 1218 834 1260 choro
867 1231 1041 1262 vanum
1075 1231 1232 1260 eorum
1265 1231 1451 1260 carmen
1477 1217 1744 1270 contemnit,

115 1292 164 1332 at
202 1289 298 1346 ipse
339 1303 435 1331 sese
479 1289 671 1331 minime
703 1303 921 1345 spernens
954 1289 1090 1343 (vide,
1124 1303 1240 1345 quae
1273 1303 1375 1346 pag.
1409 1290 1463 1331 31
1497 1289 1552 1331 (le
1586 1302 1746 1345 prono-

115 1360 241 1403 mine
273 1360 347 1411 ἐγώ
378 1360 631 1416 annotavi.)
662 1360 722 1414 vi,
756 1375 849 1402 non
882 1359 1032 1403 verbis
1060 1374 1174 1416 opus
1196 1374 1291 1402 esse
1313 1360 1484 1417 optime
1506 1360 1745 1415 intellegit.

115 1431 216 1474 Hoc
258 1435 414 1486 autem
452 1431 488 1473 si
521 1434 710 1485 constat,
743 1435 957 1474 strenuus
988 1431 1064 1475 ille
1097 1431 1281 1474 calcitro
1314 1431 1425 1488 quin
1460 1431 1517 1474 sit
1549 1431 1742 1483 Silenus,

116 1503 218 1559 quis
249 1501 461 1546 dubitet?

174 1643 282 1689 2⁰3.
323 1643 526 1686 Chorum
559 1642 692 1685 credo
724 1646 825 1699 post
856 1643 980 1686 hunc
1013 1657 1194 1687 versum
1229 1643 1380 1686 denuo
1412 1645 1532 1685 retro
1563 1643 1745 1699 fugisse,

116 1715 194 1758 sed
226 1714 382 1758 Sileno
415 1718 603 1770 cogente
636 1718 851 1757 canentes
882 1728 1038 1757 rursus
1069 1714 1320 1758 accessisse.

175 1856 281 1902 2⁰8.
323 1858 485 1910 φθέγμα
517 1856 739 1914 ἂᾳιύσ[ε]ισ.
772 1856 1094 1913 Intellegerem
1127 1870 1232 1900 cum
1265 1856 1532 1911 Vollgraffio
1565 1857 1742 1898 ἀπύσειο.

118 1928 387 1971 Pearsonius
434 1928 543 1971 citat
589 1928 640 1971 fr.
690 1927 776 1970 929
822 1926 978 1981 πολλὴν
1018 1926 1202 1978 γλῶσσαν
1239 1928 1385 1984 ἑκχέασ,
1420 1928 1540 1984 quod
1575 1932 1743 1981 tamen,

116 1999 248 2042 facile
279 1999 515 2042 intellectu
542 1999 694 2055 ipsum
722 1999 794 2054 (cf.
823 2013 931 2052 „een
954 2002 1123 2042 stroom
1150 2013 1242 2043 van
1269 1998 1543 2056 woorden''),
1572 1999 1739 2041 mirum

118 2069 360 2113 hauriendi
393 2069 586 2114 verbum
618 2074 772 2112 nostro
803 2069 901 2113 loco
933 2070 1098 2113 clarius
1131 2084 1224 2113 non
1257 2069 1419 2113 reddit.

176 2210 268 2256 212.
299 2211 474 2269 φ[έρ]ων
506 2211 706 2268 κτύ[π]οι’
738 2210 932 2265 πέδορτον
964 2209 1234 2262 ἐξαναγκάσω.

176 2283 332 2324 κτύποσ
362 2281 554 2335 πέδορτοσ
584 2286 650 2325 est
680 2282 877 2338 strepitus
909 2281 1097 2338 (pedum
1130 2281 1282 2338 pulsu)
1314 2295 1333 2322 e
1372 2281 1459 2324 solo
1501 2285 1628 2325 ortus.
1672 2282 1746 2324 In-

116 2353 301 2408 geniose
342 2352 434 2396 Leo
451 2353 485 2408 2)
526 2353 757 2409 supplevit
797 2360 940 2406 φωρῶν
982 2353 1139 2394 κτύπον
1181 2351 1387 2406 πέδορτον,
1431 2353 1553 2409 quod
1585 2353 1744 2396 vertit:

123 2424 229 2478 „Ich
262 2423 354 2468 will
385 2424 464 2467 das
495 2438 577 2467 aus
608 2423 689 2467 der
720 2423 839 2466 Erde
883 2423 1132 2466 ertonende
1175 2422 1408 2466 Gertiusch
1450 2423 1746 2479 ausspiiren.''

118 2494 336 2538 Attamen
370 2495 469 2539 coll.
503 2495 641 2538 Arist.
673 2494 793 2538 Nub.
827 2494 914 2537 499
945 2492 1036 2534 ἀλλ’
1058 2495 1143 2549 οὐχὶ
1166 2494 1361 2548 φωράσων
1383 2492 1498 2545 ἕγωγ“
1519 2494 1746 2550 εἰσέρχομαι,

118 2566 235 2610 Rau.
269 2565 383 2608 1363
413 2567 528 2607 ὅπωσ
558 2565 610 2607 ἂν
640 2563 871 2606 εἰσελθοῦσα
901 2565 1072 2619 φωράσω
1104 2565 1212 2608 satis
1243 2568 1432 2621 apparet
1463 2565 1520 2607 ad
1553 2564 1745 2609 verbum

118 2644 258 2692 φωρᾶν
299 2635 614 2692 (huiszoeking
654 2637 790 2693 doen)
832 2635 1062 2679 obiectum
1093 2637 1247 2677 κτύπον
1279 2635 1470 2678 minime
1503 2636 1746 2680 convenire

120 2722 268 2765 neque
301 2707 447 2764 magis
478 2707 626 2764 placet
656 2707 826 2758 κτύπον,
854 2706 933 2750 ubi
966 2707 1125 2764 utique
1157 2710 1389 2763 exspectes
1422 2706 1569 2760 ψόφον.

179 2777 360 2831 Omnia,
393 2792 509 2835 quae
536 2792 623 2822 vss.
652 2778 737 2822 212
765 2791 862 2834 sqq.
891 2778 1120 2834 leguntur,
1150 2781 1194 2820 et
1221 2778 1276 2820 de
1304 2777 1444 2820 ianua
1470 2777 1626 2834 aliqua
1657 2777 1747 2820 dici

120 2863 247 2906 posse
279 2849 452 2905 optimo
483 2848 582 2892 iure
610 2848 701 2892 Leo
728 2848 1068 2902 animadvertit,
1102 2849 1157 2892 cf.
1193 2848 1308 2892 Ran.
1339 2849 1395 2891 38
1423 2849 1485 2890 τίσ
1511 2850 1584 2901 τὴν
1615 2849 1748 2902 θύραν

120 2919 336 2967 ἓπάταξεν,·
365 2920 422 2960 ὥσ
451 2927 715 2974 κενταυρικῶσ
745 2918 911 2973 ἐνήλαθ’
944 2923 988 2963 et
1007 2920 1128 2963 locos
1150 2934 1176 2962 a
1198 2919 1468 2963 Leeuwenio
1489 2918 1553 2961 ibi
1575 2919 1747 2962 citatos.

174 3085 207 3127 ¹)
234 3084 287 3119 De
312 3094 402 3120 Voce
426 3092 511 3119 τοῖσι
537 3084 583 3120 cf.
607 3083 654 3119 88
678 3088 730 3126 τίς
753 3092 838 3118 τοῖσι,
863 3086 990 3129 ταύτην
1021 3086 1093 3119 πῶο·
1117 3086 1221 3125 δοκεῖ,-

172 3144 203 3186 2)
230 3142 302 3178 Leo
328 3142 428 3190 apud
454 3142 546 3179 Rob.
574 3143 701 3178 Herm.
724 3142 830 3188 1912,
858 3153 943 3190 pag.
969 3142 1052 3179 538,
