2274 3750
1171 353 1226 358 --
1260 328 1402 371 72-

464 457 781 501 similitudinis
822 457 977 500 adesse
1019 457 1245 512 videatur,
1288 472 1415 501 mero
1456 457 1581 501 casui
1621 458 1968 516 attribuendum
2004 474 2099 504 esse

465 527 679 585 equidem
723 541 980 584 numquam
1023 527 1204 571 credere
1247 532 1416 585 potero.
1460 529 1618 572 Potius
1658 529 1801 586 igitur
1831 530 1895 573 sic
1925 534 2098 574 statuo:

524 598 710 641 Praeter
756 602 917 641 cetera·
952 598 1215 641 testimonia
1261 599 1461 656 priorem
1507 599 1837 656 Indagatorum
1875 600 2100 657 originem

464 672 619 726 aperte
661 669 914 712 indicantia
956 672 1001 712 et
1047 670 1241 726 linquam
1284 670 1399 713 haud
1433 684 1519 714 uno
1553 672 1723 714 ‘nomine
1757 671 1956 728 speciem
1991 685 2100 729 prae

465 754 511 783 se
547 740 664 783 ferre
707 740 933 795 dictionis,
977 754 1068 797 qua
1108 741 1229 784 inter
1268 741 1612 798 antiquissimas
1653 741 1809 788 fabula
1849 746 2003 786 nostra
2042 742 2101 786 sit

463 810 688 854 habenda.

524 1023 751 1068 Omnibus
791 1037 911 1080 ergo,
955 1038 1071 1081 quae
1113 1039 1251 1082 supra
1291 1024 1543 1080 attulimus,
1577 1025 1872 1069 consideratis
1901 1025 1966 1070 sic
1997 1038 2100 1070 con-

464 1095 648 1139 cludere
677 1095 810 1139 nobis
840 1095 967 1140 licet:
1002 1096 1298 1153 Indagatores
1323 1096 1528 1140 fabulam
1551 1096 1648 1140 sine
1670 1095 1810 1140 dubio
1830 1111 1858 1140 a
1878 1097 2100 1155 Sophocle

462 1167 631 1210 iuniore
670 1181 765 1210 esse
807 1167 1126 1224 conscriptam,
1169 1167 1336 1225 quibus
1377 1172 1533 1211 autem
1574 1168 1709 1211 annis
1744 1168 1950 1212 fabulam
1981 1183 2101 1212 com·

464 1238 678 1295 posuerit,
704 1252 811 1281 non
842 1238 1017 1295 liquere
1050 1242 1095 1282 et
1125 1253 1253 1296 posse
1287 1239 1475 1296 quidem
1508 1239 1680 1293 ceteriS‚
1714 1253 1831 1296 quae
1863 1239 2100 1297 Sophoclis

465 1324 589 1353 nunc
621 1313 814 1363 exstent,
841 1308 1014 1353 fabulis
1037 1324 1131 1353 esse
1154 1313 1358 1353 nostram
1381 1310 1706 1367 antiquiorem,
1733 1311 1922 1354 fortasse
1944 1315 2100 1355 tamen

465 1385 511 1424 et
551 1379 750 1423 dictione
792 1384 837 1423 et
878 1394 1096 1424 versuum
1138 1381 1465 1438 compositione
1507 1395 1861 1438 apparereeam
1892 1396 1930 1425 a·
1950 1382 2100 1438 prima

465 1452 618 1494 Aiacis
661 1455 705 1495 et
747 1451 1007 1508 Antigonae
1055 1452 1230 1508 origine
1273 1452 1440 1507 exiguo
1482 1456 1563 1495 aut
1594 1452 1721 1495 nullo
1752 1452 1845 1495 fere
1882 1453 2100 1511 temporis

465 1522 708 1567 intervallo
740 1523 907 1566 distare
931 1523 979 1580 ¹).

518 1665 553 1711 ¹)
578 1665 863 1712 Argumentum
891 1675 913 1700 a
939 1664 1136 1700 nonnullis
1161 1675 1181 1699 e
1208 1663 1364 1700 Pacuvii
1389 1663 1608 1711 fragmento
1632 1663 1752 1712 (apud
1779 1664 1856 1702 cic.
1881 1665 1927 1701 de
1953 1664 2035 1703 Div.
2052 1664 2100 1701 11.

466 1725 547 1768 133)
586 1724 808 1768 deductum,
845 1735 920 1771 quo
950 1724 1218 1760 demonstrent
1243 1723 1466 1770 Euripidem
1491 1723 1570 1759 iam
1597 1723 1850 1770 Indagatores
1874 1727 2004 1771 notam
2032 1724 2101 1775 ha-

466 1784 605 1830 buisse,
642 1783 788 1819 nullius
826 1783 940 1830 pretii
979 1786 1039 1818 est
1075 1782 1311 1829 habendum,
1348 1786 1393 1818 ut
1428 1786 1531 1818 recte
1569 1780 1848 1819 animadvertit
1873 1783 2100 1820 Pannonius

464 1843 540 1889 (ed.
579 1854 664 1890 pag.
701 1842 808 1889 23o):
848 1842 911 1887 „If
943 1842 976 1877 it
1012 1841 1044 1877 is
1081 1840 1230 1887 rightly
1256 1841 1426 1877 inferr'ed
1451 1841 1547 1877 from
1575 1842 1762 1878 Pacuvius
1786 1842 1876 1879 that
1901 1842 2101 1890 Euripides

466 1902 647 1938 imitated
685 1902 765 1937 this
803 1902 892 1949 play
929 1901 994 1949 (sc.
1034 1901 1299 1948 indagatores)
1335 1901 1376 1936 in
1409 1901 1476 1936 the
1509 1900 1686 1948 Antiope,
1710 1901 1800 1937 that
1823 1901 2113 1949 circumstance

466 1962 593 1998 would
632 1965 700 1997 not
738 1961 853 1997 assist
891 1961 957 1996 the
988 1960 1287 1996 determination
1314 1960 1356 1995 of
1377 1961 1443 1996 the
1469 1959 1571 2005 date,
1596 1960 1700 1997 since
1725 1961 1758 1996 it
1782 1961 1816 1996 is
1837 1961 2001 1999 certain
2010 1960 2100 1997 that

467 2022 532 2057 the
558 2021 723 2068 Antiope
749 2031 828 2056 was
855 2031 926 2056 one
951 2020 995 2056 of
1016 2020 1082 2055 the
1108 2020 1227 2056 latest
1251 2019 1396 2066 playsss'

514 2081 645 2127 Neque
683 2080 753 2115 hoc
779 2080 819 2115 in
844 2079 970 2126 capite
997 2082 1226 2126 argumento
1252 2089 1332 2114 esse
1358 2082 1518 2126 possunt
1542 2078 1697 2115 iambici
1724 2079 1944 2115 tetrametri
1968 2083 2100 2116 acata-

466 2140 592 2175 lectici
630 2139 710 2186 (291
743 2139 850 2186 sqq.‚)
888 2139 954 2185 qui
994 2139 1227 2185 antiquioris
1265 2149 1313 2173 an
1352 2138 1575 2174 recentioris
1617 2138 1802 2185 temporis
1837 2138 1982 2175 indicia
2019 2139 2099 2175 sint

466 2199 646 2243 habendi,
672 2198 795 2234 statui
822 2209 896 2233 non
922 2201 1061 2244 potest.
