2274 3750
1164 329 1398 376 ..38-

527 461 635 507 234.
684 463 750 505 De
800 463 939 507 verbo
988 464 1247 518 παραπαίειν,
1296 464 1474 507 delirare
1520 465 1574 508 cf.
1618 464 1851 520 Aristoph.
1894 463 1997 506 Pac.
2038 463 2098 507 90

467 531 500 574 ὦ
541 532 700 574 δέσποτ’
742 533 859 585 ἄναξ,
902 535 958 574 ὡσ
992 535 1265 589 παραπαίεισὶ,
1300 534 1418 578 Plut.
1453 535 1539 578 508
1572 533 1830 582 ξυνθιασώτα
1861 541 1934 576 τοῦ
1964 531 2097 587 ληρεῖν

468 607 534 645 καὶ
557 605 815 658 παραπαίειν,
838 604 926 648 nisi
949 605 1004 649 de
1026 604 1302 649 clamoribus
1324 605 1505 649 absonis
1527 604 1721 662 (valsch)
1741 605 1818 648 hic
1839 603 2096 650 adhibetur.

527 733 787 780 236-256.
818 735 1036 792 Nympha
1066 736 1218 780 locuta
1249 736 1400 793 Satyri
1442 740 1642 780 tacentes
1683 739 1870 792 totoque
1912 735 2098 792 corpore

470 810 716 850 trementes
743 807 975 864 paulisper
996 807 1251 851 astiterunt.
1275 807 1481 851 Tandem
1504 822 1599 851 sese
1622 807 1844 863 colligunt
1865 809 1910 850 et
1930 805 2100 856 blanda

470 893 579 922 voce
626 877 912 921 balbutiunt:
961 878 1087 932 „Iam
1119 879 1287 932 desine,
1322 879 1529 936 nympha
1560 879 1708 935 gratia
1745 878 1893 939 plena,
1926 877 2100 922 diutius

470 948 602 993 nobis
644 963 917 1004 suscensere,
957 965 1051 993 non
1093 950 1217 993 enim
1250 954 1294 993 te
1325 949 1503 993 laedere
1535 950 1584 993 in
1615 950 1770 993 animo
1801 948 2099 1003 habebamUS,

470 1021 547 1064 sed
589 1022 741 1078 potius
778 1035 926 1075 narra,
959 1021 1159 1078 propitia
1188 1022 1323 1076 facta,
1355 1021 1465 1078 quid
1499 1035 1636 1065 sonus
1667 1020 1744 1065 ille
1776 1021 1983 1064 infernus
2013 1006 2100 1063 sibi

471 1091 669 1137 voluerit
714 1091 998 1150 (237—244).
1051 1092 1327 1135 Summissas
1371 1091 1619 1135 blanditias
1667 1095 1712 1135 et
1757 1091 1896 1136 verba
1942 1091 2110 1136 suavia.

471 1179 564 1206 non
609 1163 740 1206 irrita
785 1163 937 1217 fuisse,
985 1163 1061 1206 sed
1106 1163 1339 1220 nymphae
1381 1163 1592 1206 animum
1633 1163 1822 1206 iamiam
1863 1161 2012 1206 sedari
2043 1176 2102 1206 ex

470 1235 540 1289 iis,
588 1249 704 1292 quae
752 1238 1019 1292 sequuntur,
1063 1234 1387 1290 intellegimus.
1430 1234 1489 1277 Et
1530 1248 1654 1277 nunc
1696 1233 1848 1278 videte
1879 1233 2100 1287 Silenum,

472 1321 614 1364 quam
643 1306 794 1363 lepide
825 1310 986 1364 pergat
1015 1306 1273 1363 nympham
1304 1305 1484 1363 placare
1505 1309 1550 1350 et
1572 1320 1712 1363 quam
1732 1303 1936 1354 iucunda
1954 1303 2103 1361 gravi-

473 1382 564 1421 tate
612 1392 713 1422 eam
760 1381 813 1421 ut
858 1377 1115 1421 maximam
1155 1376 1290 1421 deam
1323 1377 1566 1435 compellet
1596 1377 1748 1421 verbis
1779 1377 1918 1418 τόπων
1948 1375 2104 1418 ἄνασσα

473 1449 609 1500 τῶνδε,
650 1448 871 1503 Κυλλήνησ
901 1449 1046 1491 σθένοσ
1075 1447 1163 1491 κτλ.
1197 1449 1263 1492 Of.
1297 1449 1534 1493 vocativus
1565 1449 1746 1494 l-'o'rvaoffa
1778 1448 1916 1492 Hom.
1949 1446 1971 1496 ζ
2003 1446 2102 1490 149.

534 1579 640 1625 247.
672 1578 991 1637 ἆλκασμάτ[ω]ν
1023 1578 1199 1637 δ[ειλῆ]σ
1230 1579 1295 1636 [τε
1327 1580 1592 1634 πειρατηρίων

670 1652 843 1706 νύμφησ·

533 1723 724 1779 Legitur
755 1722 803 1765 in
835 1722 989 1779 Etym.
1023 1722 1084 1766 M.
1117 1737 1161 1778 p.
1195 1722 1265 1766 56.
1290 1722 1358 1766 10.
1383 1721 1582 1772 ἀλκάζειν·
1604 1722 1817 1778 μάχεσθαι,
1840 1721 1963 1764 unde
1985 1723 2105 1764 recte

475 1795 661 1837 fortasse
693 1793 938 1836 concludas
969 1792 1157 1846 ἄλκασμα
1189 1808 1282 1836 esse
1311 1807 1531 1850 pugnam,
1555 1793 1650 1836 vim
1673 1793 1862 1836 allatam
1884 1791 2107 1850 („violent

473 1864 679 1907 attacks''
723 1863 1026 1921 Pearsonius).
1069 1864 1230 1921 Itaque
1272 1864 1536 1909 Murravius
1579 1864 1877 1921 Huntiusque
1918 1878 1973 1907 ea
2002 1877 2106 1920 sup·

475 1935 731 1992 pleverunt,
780 1949 898 1992 quae
945 1949 1083 1992 supra
1129 1935 1360 1992 exscripsi,
1408 1934 1464 1978 de
1516 1935 1690 1991 Satyris
1740 1935 1837 1979 vim
1886 1934 2106 1992 Cyllenae

475 2005 779 2050 inferentibus
820 2006 934 2049 haec
974 2006 1097 2049 dicta
1138 2020 1232 2049 esse
1273 2006 1567 2049 aestimantes
1600 2005 1853 2063 eodemque
1884 2008 2105 2063 spectant,

476 2092 592 2135 quae
624 2077 854 2134 Allegrius
885 2077 1127 2122 annotavit
1159 2077 1289 2133 (Rev.
1313 2077 1392 2120 des
1413 2077 1550 2121 Etud.
1577 2064 1688 2120 Ano.
1715 2077 1829 2120 1913
1851 2091 1953 2134 pag.
1977 2075 2104 2133 259):

481 2149 694 2206 „Cyllene
731 2147 902 2192 semble
945 2147 1095 2205 parler
1137 2148 1248 2192 d'un
1280 2152 1476 2191 attentat
1516 2147 1712 2205 possible
1744 2148 1771 2191 a
1801 2163 1851 2191 sa
1881 2146 2105 2205 pudeur.''
2165 2162 2168 2166 ’

477 2221 564 2264 Sed
597 2220 839 2277 quomod0‚
874 2218 1071 2273 obsecro,
1106 2219 1289 2276 Satyros
1320 2219 1648 2277 trepidissimos
1681 2219 1938 2276 nympham
1965 2223 2108 2276 temp-

476 2296 591 2335 tasse
626 2291 697 2336 vel
729 2294 991 2334 attrectasse
1023 2290 1240 2334 credibile
1272 2291 1370 2334 est?
1393 2290 1622 2348 Equidem
1644 2304 1903 2347 numquam
1925 2279 2108 2333 credere

477 2367 634 2420 potero
686 2376 770 2405 nec
823 2361 1224 2406 Wilamowitzium
1278 2361 1523 2405 credidisse
1570 2365 1694 2418 puto,
1743 2361 1822 2418 qui
1869 2375 1952 2418 pro
1999 2375 2108 2406 voce

477 2432 750 2486 ἀλκασμάτων
782 2432 976 2476 coniecit
1006 2431 1280 2485 λακασμάτων
1297 2432 1345 2489 1).
1373 2431 1593 2475 Attamen
1624 2432 1674 2474 in
1706 2446 1841 2475 versu
1872 2435 2108 2489 tantopere

477 2504 690 2547 mutilato
717 2504 962 2561 quicquam
998 2507 1176 2546 mutare
1203 2518 1376 2557 vereor,
1404 2503 1482 2546 sed
1510 2503 1660 2559 potius
1687 2518 1778 2547 vox
1804 2501 1993 2556 ἄλκασμα
2017 2502 2109 2560 (ge-

481 2574 804 2632 weldpleging)
847 2588 961 2617 num
1003 2574 1125 2617 dicta
1165 2574 1222 2617 sit
1253 2574 1309 2617 de
1342 2573 1572 2628 πηδήμασιν
1605 2583 1825 2628 κραιπνοῖσι
1857 2577 1920 2615 καὶ
1952 2573 2109 2616 λακτίσ-

479 2661 610 2698 μασιν,
645 2645 812 2703 quibus
844 2645 1033 2689 incitata
1059 2645 1145 2689 dea
1175 2645 1415 2701 indignata
1445 2645 1677 2702 prodierit,
1702 2644 1965 2690 dubitanter
1985 2660 2108 2703 rogo.

538 2775 646 2820 249.
690 2776 758 2819 De
792 2774 1013 2820 vocabulo
1044 2773 1361 2830 ὀρθοψάλακτοσ
1393 2776 1448 2818 cf.
1482 2789 1599 2832 quae
1631 2775 1788 2832 scripsi
1819 2775 1877 2818 ad
1910 2790 1975 2820 vs.
2007 2776 2108 2820 321.

539 2905 730 2963 252sqq.
773 2906 968 2950 Gravior
1008 2905 1084 2948 hic
1127 2908 1194 2948 est
1235 2905 1453 2961 quaesti0‚
1498 2909 1655 2948 utrum
1688 2905 1736 2948 hi
1770 2919 1926 2950 versus
1957 2905 2111 2949 Sileno

534 3047 567 3094 1)
601 3050 713 3086 ’Ἁπιιξ
748 3050 923 3092 λεγόμενον
956 3059 979 3083 a
1011 3047 1126 3083 verbo
1153 3049 1312 3091 λακάζειν
1337 3046 1532 3093 (clamare,
1558 3047 1735 3094 Aeschyl.
1761 3046 1862 3094 Sept.
1889 3045 1969 3091 168,
1994 3036 2110 3093 Su‘pp.

481 3106 567 3152 851)
593 3107 813 3142 deductum.
