2274 3750
887 365 1120 410 —79—

189 495 355 550 vimus,
399 497 432 539 si
477 500 755 554 reputamus
798 496 889 540 huc
930 497 1023 540 fere
1065 510 1245 539 summa
1285 499 1466 540 nostrae
1497 495 1818 554 disputationis

190 567 309 611 redit
349 567 534 625 Satyros
575 568 846 625 Euripideos
887 582 982 611 non
1023 570 1074 611 ut
1110 568 1232 624 apud
1274 567 1547 624 Sophoclem
1583 582 1693 612 vera
1723 583 1817 612 esse

189 638 422 693 animalia,
471 653 588 697 quae
634 640 837 682 ferarum
884 638 1088 682 moribus
1133 642 1270 695 atque
1312 641 1478 682 natura
1518 653 1599 696 per
1640 643 1819 683 montes

189 709 422 767 saltusque
467 710 609 754 libere
657 710 873 766 vagantia
914 709 1123 752 omnium
1165 709 1343 752 animos
1384 710 1441 752 ad
1484 724 1529 753 se
1571 711 1818 764 attrahant,

189 781 266 824 sed
308 781 520 824 homines
555 782 706 838 potius
737 780 959 834 scurriles,
994 781 1086 837 qui,
1119 780 1361 823 hominum
1395 781 1664 824 eruditionis
1695 781 1818 824 haud

189 855 412 908 expertes,
454 852 583 895 miris
629 851 983 907 „dvocffiomquom”
1026 851 1169 894 risum
1216 854 1413 908 captant,
1462 851 1628 908 quibus
1664 855 1819 895 tamen

189 922 308 966 nihil
348 923 442 966 fere
483 926 551 966 est
591 923 822 979 agendum
847 923 894 980 1),
927 922 1045 965 nihil
1076 922 1169 965 fere
1201 922 1476 976 saltandum,
1510 923 1589 979 qui
1621 923 1819 980 denique

129 993 136 999 ”
189 993 225 1036 si
257 993 479 1048 abessent,
510 994 610 1051 ipsa
640 994 795 1037 fabula
827 994 972 1036 nihilo
1004 994 1158 1036 minus
1188 993 1463 1050 procederet.

249 1064 411 1122 Itaque
453 1065 490 1108 si
532 1065 755 1108 concludo
797 1064 1069 1122 Sophoclem
1110 1064 1159 1106 in
1201 1065 1287 1107 hoc
1329 1078 1510 1122 quoque
1547 1069 1819 1119 argumento

189 1135 410 1192 Euripide
457 1140 576 1179 certe
624 1136 928 1193 praestantius
974 1140 1019 1179 et
1065 1135 1228 1191 satyris
1274 1135 1425 1192 aptius
1465 1150 1563 1178 rem
1605 1137 1759 1191 egisse,
1793 1151 1819 1179 a

190 1221 298 1251 vero
330 1221 422 1250 non
455 1207 613 1264 procul
644 1207 798 1250 abesse
834 1207 948 1249 mihi
982 1205 1153 1250 videor.

248 1278 376 1321 Inter
407 1292 495 1332 eos,
528 1278 606 1335 qui
629 1279 685 1321 de
716 1278 833 1321 Ulicce
853 1277 970 1322 varii
991 1277 1119 1322 varia
1141 1278 1506 1334 disputaverunt,
1528 1291 1637 1334 prae
1659 1278 1818 1321 ceteris

189 1348 327 1392 huius
357 1363 577 1406 personae
609 1349 783 1393 strenui
816 1349 1090 1392 exstiterunt
1116 1349 1374 1391 laudatores
1396 1348 1436 1391 J.
1462 1348 1513 1391 Ο.
1538 1348 1819 1392 Sclnnidtius

188 1423 235 1463 et
275 1419 598 1477 Marquartius.
651 1421 781 1463 Alter
822 1420 946 1463 enim
988 1419 1258 1476 Euripidem
1301 1419 1486 1474 tragico,
1525 1419 1638 1476 quin
1680 1420 1817 1463 etiam

187 1490 327 1536 nimis
359 1492 544 1548 tragico,
581 1492 728 1535 colore
760 1492 890 1548 quasi
922 1491 1182 1547 depinxisse
1209 1490 1394 1533 Ulixem
1417 1504 1566 1546 neque
1588 1504 1634 1533 se
1656 1490 1817 1544 solum,

188 1563 267 1607 sed
295 1577 480 1622 poeseos
508 1563 706 1606 Graecae
732 1566 971 1620 parentem
1003 1562 1088 1604 hac
1121 1575 1167 1604 re
1199 1561 1483 1617 superavisse
1506 1560 1540 1615 2)
1582 1575 1664 1617 pro
1697 1565 1817 1604 certo

170 1633 400 1689 affirmat,
427 1634 543 1678 alter
564 1634 752 1677 heroem
774 1634 836 1676 sic
859 1632 1014 1675 nimiis
1034 1631 1248 1674 laudibus
1270 1632 1421 1675 effert:
1446 1630 1481 1685 3)
1512 1665 1529 1684 „
1553 1666 1562 1675 .
1583 1666 1591 1675 .
1612 1667 1621 1675 .
1645 1665 1653 1674 .
1678 1631 1818 1687 Odys-

188 1716 290 1749 seus
321 1705 480 1749 besitzt
515 1705 602 1748 alle
635 1705 758 1748 seine
790 1702 1113 1747 erhabenenen
1145 1701 1514 1758 Eigenschaften,
1547 1702 1632 1744 mit
1669 1702 1818 1745 denen

187 1790 237 1820 er
277 1776 351 1820 bei
391 1776 568 1820 Homer
608 1775 775 1831 begabt
811 1774 1039 1818 erscheint
1058 1807 1183 1817 .....
1218 1787 1267 1815 er
1308 1773 1407 1815 tritt
1446 1787 1534 1815 uns
1574 1772 1675 1816 hier
1704 1787 1819 1829 ganz

187 1847 237 1891 in
278 1848 611 1892 homerischem
650 1847 833 1890 Kolorit
865 1849 1091 1901 entgegen
1122 1845 1189 1887 als
1220 1843 1301 1887 der
1334 1844 1478 1886 Mann
1510 1843 1644 1886 edlen
1676 1847 1819 1886 taten-

187 1918 356 1962 stolzen
405 1918 571 1972 Mutes‚
622 1916 896 1972 fiirsorglich
947 1916 1021 1958 fiir
1073 1915 1196 1957 scine
1250 1914 1515 1967 Gefahrten,
1573 1913 1653 1956 der
1699 1913 1817 1956 auch

188 1987 290 2033 eine
326 1990 512 2046 gewisse
558 1987 892 2043 Friimmigkeit
938 1987 986 2029 in
1032 1985 1189 2028 seinen
1237 1985 1442 2027 Gebeten
1483 1999 1543 2026 an
1591 1984 1679 2027 den
1722 1984 1819 2039 Tag

176 2059 326 2117 ‘legt.''

247 2131 387 2175 Hisce
419 2131 565 2174 multo
597 2130 743 2186 magis
774 2129 889 2172 mihi
922 2128 1070 2185 placet
1100 2126 1328 2180 Hahnius,
1362 2126 1455 2183 qui,
1484 2129 1530 2168 et
1550 2122 1646 2182 ipse
1670 2139 1819 2168 mores

189 2202 340 2246 Ulixis
380 2202 513 2246 nobis
553 2201 744 2259 probare
777 2204 977 2252 conatus,
1012 2199 1074 2242 sic
1106 2198 1263 2241 scribit
1283 2198 1341 2254 4):
1381 2197 1466 2250 „Es
1497 2197 1556 2239 ist
1586 2197 1661 2238 ein
1693 2197 1819 2239 deut-

187 2273 279 2323 lich
322 2273 705 2330 durcligefiihrter
747 2272 855 2326 Zug,
899 2271 987 2313 den
1031 2269 1272 2325 Euripides
1314 2269 1418 2310 dem
1461 2267 1644 2310 Helden
1690 2266 1817 2320 leiht,

188 2345 292 2390 dasz
334 2359 382 2388 er
426 2345 510 2388 ihn
556 2358 647 2388 von
693 2344 799 2386 dem
832 2340 1087 2396 Ehrgefiihl
1118 2340 1196 2383 des
1228 2338 1543 2382 Teilnehmers
1574 2352 1634 2380 an
1665 2337 1817 2380 einem

241 2545 276 2594 ¹)
301 2546 358 2582 Ad
400 2546 596 2592 inceptum
641 2544 912 2592 perficiendum
955 2542 1114 2577 comites
1155 2540 1227 2576 sibi
1266 2539 1392 2587 potius
1429 2538 1665 2574 adhibendos
1702 2538 1818 2573 fuisse

191 2605 318 2641 Ulixes
345 2616 398 2641 vs.
421 2604 493 2641 650
516 2604 729 2640 rectissime
754 2601 1045 2638 animadvertit.

240 2663 276 2711 ²)
310 2663 346 2701 J.
384 2663 425 2699 O.
462 2662 649 2707 Schmidt,
687 2661 732 2697 de
771 2661 893 2697 Ulixis
932 2660 971 2695 in
1009 2659 1151 2695 fabulis
1187 2657 1365 2704 satyricis
1402 2666 1575 2702 persona.
1601 2655 1816 2692 Oomment.

189 2722 471 2759 Ribbeckianae
497 2733 582 2769 pag.
607 2721 691 2756 114.

241 2784 276 2828 ³)
312 2782 524 2829 Marquart.
561 2781 624 2817 l.l.
659 2791 744 2827 pag.
771 2779 827 2824 11,
853 2788 1087 2825 quamquam
1113 2775 1325 2822 grandibus
1350 2775 1408 2810 sui
1434 2774 1559 2810 herois
1585 2773 1713 2809 titulis
1738 2773 1817 2820 ipse

190 2841 383 2878 obtrectat
401 2840 513 2888 paulo
532 2839 634 2875 infra
652 2838 796 2874 addens
820 2837 923 2884 (pag.
943 2837 1023 2884 12):
1051 2836 1198 2880 „Wenn
1226 2837 1326 2869 trotz
1351 2834 1466 2869 allem
1493 2832 1682 2877 odysseus
1708 2833 1816 2867 mehr

190 2900 265 2936 den
299 2899 490 2935 Eindruck
526 2899 630 2934 eines
667 2897 929 2933 Abenteurers
966 2895 1109 2938 macht,
1135 2905 1175 2929 so
1201 2894 1252 2928 ist
1277 2893 1345 2927 das
1370 2892 1463 2927 eben
1491 2903 1560 2927 aus
1585 2891 1653 2926 der
1679 2891 1818 2936 Unige-

190 2959 296 3006 bung
332 2958 400 2993 der
435 2958 579 3005 Satyrn
618 2968 662 2992 zu
696 2956 884 3000 erkle-ren,
911 2955 972 2990 die
998 2954 1101 2990 seine
1127 2952 1320 2998 tragische
1346 2950 1489 2986 Wi'irde
1516 2949 1815 2985 herabstimmen

190 3018 400 3054 muszten.’'
427 3016 608 3061 Concedo,
635 3019 831 3062 φθείρουσιν
855 3018 932 3060 ἤθη
957 3014 1083 3060 χρησιΨ
1108 3014 1238 3053 ὁμιλίαι
1263 3015 1371 3045 κακαί.

242 3076 277 3123 ⁴)
302 3077 342 3113 F.
368 3076 516 3120 Hahne,
541 3076 614 3110 Zur
638 3074 898 3110 {isthetischcn
925 3072 1051 3107 Kritik
1071 3071 1136 3106 (les
1155 3069 1465 3116 Euripideisclnen
1486 3067 1665 3114 Kyklops.
1684 3065 1818 3101 Philol.

190 3135 298 3172 1907.
326 3147 410 3183 pag.
435 3134 482 3170 39
498 3146 579 3181 sqq.
