2274 3750
1196 355 1429 398 ...46—

555 484 633 530 291
667 498 763 542 sqq.
797 478 989 527 Iambioi
1021 486 1275 528 tetrametri
1305 486 1598 541 acatahctioi,
1631 487 1681 529 in
1724 487 1930 530 dramate
1973 487 2126 531 Attico

496 556 716 610 inusitati,
759 555 846 598 nisi
877 556 992 598 forte
1024 555 1163 613 Soph.
1196 557 1280 612 frg.
1315 557 1400 600 738
1432 557 1621 614 (Pears.)
1653 559 1872 599 κάνταῦθα
1894 591 1904 601 .
1930 593 1939 602 .
1963 593 1972 602 .
1998 593 2011 613 ,7
2039 566 2128 599 πᾶσ

497 636 706 680 προσκυνεῖ
751 625 791 667 δὲ
829 628 900 668 τὸν
930 627 1151 680 στρέφοντα
1181 626 1326 670 κύκλον
1359 627 1484 682 ἡλίου,
1517 632 1570 671 ut
1601 632 1668 672 est
1700 629 1923 673 Murravii
1956 629 2125 686 opinio,

497 712 781 755 quamquam
813 698 1005 740 minime
1038 702 1227 743 constat.
1266 699 1388 752 „The
1419 699 1589 743 iambic
1617 700 1837 744 octonarii
1869 701 1917 743 of
1945 700 2126 743 Roman

497 769 688 824 oomedy
718 769 900 811 furnish
933 783 991 812 an
1025 774 1156 813 exact
1187 769 1420 826 parallel.’'
1455 771 1775 829 (Pearsonius).

554 922 647 967 291.
683 921 910 977 προσγελᾶι.
953 922 1164 979 Aeschyl.
1209 923 1343 967 Eum.
1385 924 1470 967 253
1512 927 1612 979 ὀσμὴ
1644 926 1833 981 βροτείων
1865 925 2049 978 αἱμάτων
2080 941 2127 978 με

496 993 709 1048 προσγελᾶι
766 998 810 1036 et
856 994 1089 1051 Aristoph.
1143 995 1247 1039 Pac.
1291 995 1378 1038 600
1421 994 1552 1036 τᾶλλα
1595 1000 1638 1037 θ’
1670 997 1783 1037 ὁπόσ’
1825 997 1904 1038 ἐστὶ
1962 997 2071 1050 φυτὰ
2120 995 2124 1054 1

496 1063 802 1120 προσγελάσεται
835 1064 1008 1121 λαβόνθ’
1039 1067 1204 1119 ἄσμενα.

555 1218 660 1264 292.
697 1221 760 1260 καὶ
794 1227 895 1261 πῶσ.
929 1219 996 1263 Cf.
1028 1220 1084 1262 ad
1119 1234 1182 1264 vs.
1220 1220 1316 1264 133.
1350 1220 1418 1263 De
1451 1220 1590 1265 verbo
1621 1221 1776 1276 βρέμειν
1808 1221 1901 1266 vid.
1934 1221 1989 1264 ad
2022 1235 2126 1278 pag.

497 1290 605 1344 203),
638 1305 700 1334 vs,
736 1291 834 1334 278.

555 1432 660 1477 295.
704 1432 873 1490 Papyri
916 1433 1159 1476 lectionem
1198 1432 1407 1490 χυτροιδήσ
1437 1434 1625 1478 fortasse
1656 1448 1738 1490 per
1769 1433 2127 1478 contractionem

497 1517 520 1546 e
564 1502 792 1558 χυτροειδήσ
833 1504 1111 1560 provenisse,
1154 1505 1310 1561 itaque
1351 1519 1446 1547 non
1484 1508 1655 1548 temere
1701 1504 1990 1548 abiciendam
2032 1519 2127 1548 esse

498 1579 654 1617 monet
680 1574 986 1630 Vollgraffius,
1015 1581 1062 1618 at
1087 1575 1137 1618 in
1164 1589 1337 1632 papyro
1363 1575 1532 1631 legitur
1555 1574 1774 1632 χυτρόιδησ,
1794 1590 1887 1619 non
1905 1575 2126 1631 χυτροιδήσ,

496 1659 635 1702 quam
669 1646 726 1688 ob
757 1660 856 1688 rem
887 1646 1093 1702 praefero
1125 1660 1231 1689 cum
1262 1646 1442 1689 Huntio
1474 1645 1693 1702 χυτρώδησ.

556 1717 856 1773 Partioipium
899 1717 1255 1772 κατερρικνωμένοσ
1292 1731 1577 1774 quamquam
1608 1717 1749 1760 etiam
1781 1717 1837 1761 de
1868 1731 2055 1774 corpore
2082 1720 2128 1760 et

496 1787 715 1830 membris
746 1786 891 1844 rigide
924 1787 1175 1832 incurvatis
1222 1792 1267 1830 et
1313 1788 1556 1831 contractis
1597 1787 1687 1830 dici
1729 1791 1878 1844 potest
1895 1787 1942 1846 1),
1975 1787 2126 1845 potius

495 1859 570 1902 hie
611 1859 812 1915 pertinet
847 1859 906 1901 ad
938 1858 1106 1915 pellem
1137 1859 1301 1901 duram
1333 1863 1379 1902 et
1415 1873 1629 1915 rugosam
1661 1858 1731 1916 (z
1751 1858 2060 1914 ἔρρυτιδωμὲνον
2075 1859 2125 1916 2).

496 1929 552 1972 In
583 1930 667 1985 frg.
701 1929 873 1973 Ceroid.
905 1930 1074 1986 legitur
1104 1931 1150 1970 τὸ
1183 1937 1259 1970 τᾶσ
1285 1932 1424 1984 ῥικνᾶσ
1444 1928 1620 1986 χελώνασ
1648 1930 1653 1987 Ι
1678 1930 1934 1983 ἀμναμονεῖσ.
1958 1924 2127 1986 (Hi'ller

497 2001 683 2043 Anthol.
727 2001 832 2057 Lyr.
877 2000 1000 2043 LIII.
1044 2001 1102 2057 3.)
1145 2000 1308 2043 Nostro
1350 2014 1485 2044 versu
1516 2000 1667 2044 aliena
1697 2003 1817 2054 sunt,
1855 2014 1971 2058 quae
2003 2000 2126 2058 apud

497 2071 627 2115 Phot.
646 2086 748 2128 pag.
767 2072 866 2114 489.
886 2071 924 2114 1.
945 2075 989 2114 et
1005 2071 1196 2114 Suidam
1212 2071 1537 2115 inveniuntur:
1562 2074 1830 2127 ηρικνοῦσθαι,
1845 2073 1891 2112 τὸ
1903 2069 2125 2112 διέλκεσθαι

497 2145 561 2183 καὶ
602 2142 880 2185 παντοδαπιῦσ
917 2141 1219 2196 διαστρέφεσθαι
1251 2147 1341 2183 κατ’
1373 2140 1487 2183 εἷδοσ.
1524 2140 1678 2193 λέγεται
1720 2142 1760 2183 δὲ
1797 2144 1861 2183 καὶ
1893 2134 2125 2197 ῥικνοῢσθαι

496 2213 646 2270 (Phot.
700 2215 950 2269 ῥιγνοῦσθαι)
983 2215 1027 2253 τὸ
1083 2211 1298 2266 καμπύλον
1352 2214 1558 2264 γίγνεσθαι
1616 2213 1853 2269 ἀσχημόνωσ
1907 2214 1971 2254 καὶ
2020 2213 2126 2254 κατὰ

494 2285 706 2327 συνουσίαν
737 2286 801 2324 καὶ
833 2284 990 2339 ὄρχησιν
1022 2285 1267 2336 κάμπτοντα
1299 2286 1372 2337 τὴν
1403 2286 1541 2336 ὀσφῦν.
1573 2286 1675 2336 Σοφ.
1711 2283 1975 2339 Ἰχνευταῖσ.”

555 2356 622 2398 De
656 2355 922 2412 Satyrorum
956 2355 1195 2398 saltatione
1227 2355 1302 2398 hio
1334 2355 1407 2410 agi
1440 2355 1591 2411 potius
1624 2355 1820 2399 credam.

554 2509 660 2555 296.
692 2510 716 2564 ἤ
748 2525 829 2551 τωο
860 2508 1067 2565 πόρδαλισ.
1100 2509 1303 2553 Stahlius
1335 2509 1441 2564 (Rh.
1476 2509 1591 2553 Mus.
1618 2509 1745 2563 1913,
1770 2523 1872 2566 pag.
1896 2508 2000 2565 307)
2021 2507 2122 2552 coll.

496 2580 634 2638 Soph.
669 2581 719 2624 Ο.
754 2581 801 2624 C.
835 2581 921 2624 563
957 2580 1087 2635 ὥσπερ
1117 2582 1179 2631 σὺ,
1217 2579 1297 2636 χῶσ
1328 2594 1390 2621 τισ
1421 2579 1575 2621 πλεῖστ’
1608 2581 1707 2635 ἀνὴρ
1739 2581 1803 2620 ἐπὶ
1835 2579 1954 2633 ξένησ
1984 2583 2029 2622 et
2050 2579 2124 2622 hic

496 2652 732 2710 proposuit
778 2653 868 2708 χώσ,
918 2666 1034 2708 quae
1081 2651 1342 2694 coniectura
1392 2665 1541 2708 neque
1589 2650 1863 2705 verisimilis,
1912 2676 1970 2682 —-
2014 2663 2124 2693 nam

496 2723 866 2766 ooniunctionem
912 2723 1019 2766 satis
1061 2722 1295 2778 vulgatam
1340 2726 1384 2765 et
1415 2721 1690 2766 vocabulum
1723 2722 1870 2765 rarius
1901 2721 2121 2764 usitatum

496 2794 612 2851 (τωσ)
643 2809 670 2837 a
707 2794 891 2837 librario
929 2794 1181 2851 permutari
1213 2793 1429 2836 credibile
1462 2807 1555 2836 non
1587 2793 1717 2846 duco,
1752 2819 1808 2824 --
1840 2805 1988 2849 neque
2020 2791 2120 2834 coll.

496 2880 612 2922 quae
645 2866 969 2910 annotavimus
1001 2865 1057 2907 ad
1092 2879 1155 2909 vs.
1191 2864 1246 2906 39
1279 2864 1533 2907 necessaria
1565 2864 1761 2907 videtur.

550 3064 583 3109 ¹)
617 3064 674 3100 Cf.
707 3064 844 3111 Hymn.
871 3064 993 3110 Apoll.
1020 3063 1089 3100 317
1116 3072 1201 3100 wazo
1224 3067 1300 3106 ἓμὸσ
1331 3064 1539 3107 ”Ηᾳαιστοσ,
1562 3066 1675 3109 ῥικνὺο·
1698 3065 1818 3106 midae,
1843 3066 1879 3098 ὃν
1907 3066 1997 3098 τέκον
2021 3065 2121 3108 αὐτή.

547 3123 582 3168 ²)
615 3123 720 3159 Suid.
754 3126 1063 3170 κατερρικνωμέιύν.
1104 3125 1398 3170 curcul-pausabant,
1430 3125 1606 3165 κείμηνλον
1643 3125 1827 3167 γενόμενον,
1853 3125 2121 3170 ἓρρνειδωμίνον.
