2274 3750
910 370 966 376 -.
1000 346 1056 389 57
1090 371 1142 377 -.

270 474 666 532 338—340.Leg.‚
680 489 797 532 quae
814 475 972 532 scripsi
989 490 1090 532 pag.
1105 475 1162 518 48
1173 490 1270 533 sqq.
1283 476 1340 520 de
1356 476 1482 532 lyrae
1499 476 1842 533 compositione.

269 605 536 652 343—363.
568 606 695 649 Licet
726 606 934 663 nympha
964 606 1204 662 indignata
1236 607 1392 649 omnia
1422 606 1657 660 infitietur,
1692 606 1842 663 Satyri

210 678 504 735 pertinaciter
523 677 574 720 in
595 677 822 720 sententia
842 681 1116 733 permanent
1136 677 1415 721 Mercurium
1439 691 1546 731 esse,
1570 677 1649 734 qui
1666 677 1842 720 furtum

211 749 491 793 commiserit
532 748 636 805 (vsa
670 748 946 804 332-340);
980 749 1126 804 magis
1163 749 1402 805 magisque
1433 748 1669 806 nymphae
1700 762 1843 804 pavor

211 823 258 864 et
296 819 553 864 reverentia
595 819 838 872 evanescit,
881 819 995 875 quin
1041 819 1180 862 etiam
1227 823 1271 862 et
1318 819 1498 863 Silenus
1544 819 1752 863 lascivire
1798 822 1844 862 et

209 891 345 935 deam
390 890 607 934 lacessere
654 904 747 933 non
794 894 979 934 veretur
1020 891 1091 945 (cf.
1136 890 1220 934 357
1264 893 1393 947 sqq.).
1438 890 1532 939 Vix
1574 890 1715 946 igitur
1756 889 1842 932 sibi

59 967 61 970 '
129 993 136 999 -
210 966 472 1019 temperans
503 961 667 1004 acriter
697 961 753 1004 iis
784 961 1029 1018 respondet
1061 965 1105 1005 et
1131 961 1282 1005 denuo
1303 962 1371 1004 ira
1392 961 1667 1014 incenditur,
1690 961 1842 1004 denuo

210 1033 262 1077 in
301 1046 376 1076 eos
403 1031 654 1075 'invehitur
657 1065 785 1085 .....
819 1045 959 1088 quam
990 1031 1122 1075 aliter
1152 1035 1308 1075 autem
1339 1046 1392 1075 ac
1422 1036 1581 1085 antea;
1614 1035 1715 1074 tum
1747 1036 1844 1075 erat

212 1104 310 1148 Dea
354 1101 564 1159 superba,
614 1116 730 1159 quae
777 1101 943 1145 bestias
989 1102 1098 1145 istas
1142 1102 1330 1145 iamiam
1373 1102 1572 1146 calcibus
1612 1103 1706 1146 suis
1746 1107 1844 1146 erat

211 1174 448 1227 obtritura,
491 1187 616 1217 nunc
657 1178 810 1217 autem
851 1173 1121 1216 muliercula
1153 1178 1220 1216 est
1250 1174 1369 1216 facta
1400 1173 1579 1228 misera,
1612 1174 1840 1217 mendacii

211 1245 433 1298 convicta,
465 1244 595 1287 inani
627 1244 926 1289 effervescens
957 1243 1208 1298 iracundia,
1242 1258 1359 1301 quae
1391 1248 1549 1287 contra
1570 1248 1841 1289 vexatorum

211 1316 516 1374 petulantiam
539 1316 606 1359 nil
627 1315 763 1360 valet.
786 1315 934 1359 Multo
961 1330 1066 1358 cum
1089 1316 1294 1372 singultu
1315 1330 1410 1359 sese
1432 1316 1506 1360 vel
1527 1316 1678 1372 potius
1699 1315 1840 1359 alum-

211 1403 326 1432 num
368 1402 504 1431 suum
546 1387 790 1431 defendere
832 1391 1046 1430 conatur:
1089 1387 1256 1440 „Nunc
1280 1386 1468 1430 demum
1499 1387 1728 1443 intellego,
1762 1387 1842 1444 qui

213 1459 311 1503 sitis
352 1473 444 1513 vos,
488 1459 569 1516 qui
610 1473 683 1502 me
726 1458 925 1501 ludibrio
967 1458 1135 1502 habere
1167 1459 1216 1501 in
1247 1459 1456 1501 animum
1488 1458 1730 1502 inducatis.
1762 1458 1842 1502 At-

213 1535 371 1574 tamen
411 1531 449 1573 si
490 1530 707 1573 lacessere
750 1534 796 1573 et
836 1530 1107 1573 maledicere
1150 1533 1385 1586 tantopere
1417 1543 1498 1573 vos
1529 1529 1735 1582 delectat,
1769 1544 1842 1571 me

212 1602 364 1658 potius
405 1615 546 1658 quam
588 1615 784 1658 puerum
826 1600 961 1643 illum
1001 1601 1295 1643 innocentem
1336 1601 1490 1657 petite.
1524 1599 1657 1652 Quod
1688 1604 1843 1643 autem

212 1672 271 1716 ad
303 1673 479 1715 furtum
511 1672 625 1715 illud
657 1672 867 1728 pertinet,
900 1685 985 1714 non
1017 1671 1257 1725 commisit,
1291 1686 1384 1715 non
1405 1675 1553 1728 potest
1572 1671 1611 1714 is
1632 1685 1740 1725 esse,
1763 1671 1843 1727 qui

211 1757 416 1801 unquam
452 1743 542 1786 tale
574 1743 822 1800 quicquam
845 1743 1002 1796 faciat3
1027 1742 1177 1799 inopis
1204 1746 1340 1799 atque
1362 1741 1577 1798 ignobilis
1599 1746 1666 1784 est
1685 1742 1840 1795 furari,

203 1814 290 1863 ¹sed
332 1814 417 1858 deo
447 1814 653 1870 genitore
686 1817 822 1856 natus
854 1812 963 1856 talia
994 1827 1085 1856 non
1120 1817 1260 1856 curat.
1299 1813 1369 1856 Tu
1400 1819 1556 1856 autem
1588 1827 1766 1869 semper
1797 1827 1844 1855 es

213 1899 339 1943 puer,
381 1899 562 1942 semper
602 1885 846 1928 insolentia
889 1884 1100 1937 exsultas,
1135 1885 1213 1927 sed
1246 1898 1370 1938 cave,
1403 1898 1509 1926 nam
1545 1884 1699 1927 veniet
1730 1887 1843 1926 tem-

212 1971 312 2015 pus,
355 1970 446 2014 quo
482 1956 676 1999 minime
708 1955 890 2009 ridebis,
923 1959 970 1998 at
1002 1954 1165 1998 misere
1196 1959 1241 1998 te
1272 1954 1524 2011 paenitebit
1554 1955 1719 1997 horum
1753 1953 1842 1997 dic·

213 2027 409 2072 torum.''
459 2028 666 2071 Profecto
708 2027 771 2070 sic
813 2027 942 2084 pueri
984 2027 1105 2069 inter
1145 2041 1191 2069 se
1233 2026 1383 2068 rixare
1425 2026 1572 2069 solent
1609 2030 1654 2068 et
1692 2024 1844 2082 puella

212 2099 418 2144 invalida
449 2103 517 2142 est
545 2100 665 2142 facta
697 2098 900 2155 Cyllena‚
934 2112 1050 2154 quae
1083 2111 1214 2141 voces
1236 2097 1442 2153 singultu
1462 2097 1741 2152 interruptas
1762 2109 1844 2152 pro

212 2165 364 2216 Verbis
395 2170 651 2227 imperiosis
683 2170 776 2212 iam
809 2169 914 2212 edat
946 2173 990 2212 et
1020 2168 1249 2212 sententia
1279 2182 1439 2211 revera
1471 2181 1718 2224 puerorum
1745 2181 1844 2223 pro-

213 2241 313 2300 pria
344 2242 598 2285 orationem
631 2240 874 2284 concludat
892 2239 940 2296 l).

272 2382 384 2429 343,
415 2383 506 2438 ἄρτι
537 2383 753 2436 μανθάνω,
786 2396 900 2425 nunc
930 2382 1097 2424 demum
1127 2380 1356 2437 intellego.
1391 2380 1457 2423 Of.
1492 2380 1598 2423 Eur.
1633 2379 1730 2423 Alc.
1758 2380 1844 2422 940

215 2453 369 2510 λυπρὸν
411 2453 536 2502 διάξω
579 2455 728 2510 βίοτον·
772 2452 862 2506 ἄρτι
904 2452 1135 2506 μανθάνω,
1176 2451 1339 2494 Bacch.
1375 2451 1488 2493 1297
1521 2451 1711 2505 Διόνυσοσ
1741 2451 1847 2502 ἡμᾶσ

214 2524 339 2568 652⁶&-
393 2524 483 2579 ἄρτι
534 2524 765 2578 μανθάνω,
818 2523 1049 2580 Aristoph.
1105 2523 1208 2579 LyS.
1258 2521 1370 2565 1007
1423 2523 1533 2562 τουτὶ
1586 2522 1632 2562 τὸ
1677 2527 1845 2574 πρᾶγμα

215 2597 477 2652 πανταχόθεν
523 2594 751 2647 ξυνώμοται
797 2594 800 2652 Ι
845 2596 925 2636 ὑπὸ
972 2601 1052 2635 τῶν
1097 2601 1309 2644 γυναικῶν·
1359 2592 1448 2645 ἄρτι
1494 2593 1581 2634 νυνὶ
1628 2591 1842 2643 μανθάνω.

215 2667 281 2711 Cf.
315 2666 643 2710 Leeuwenium
674 2665 732 2708 ad
765 2665 868 2722 Lys.
904 2665 973 2709 71.

223 2815 228 2821 '
275 2808 387 2855 344.
407 2808 475 2852 De
498 2807 638 2853 verbo
660 2807 859 2863 ἐγχάσκειν
877 2820 930 2843 -·“
946 2804 1174 2858 καταγελᾶν
1196 2806 1250 2849 Cf.
1274 2819 1311 2848 e.
1328 2818 1372 2860 g.
1397 2804 1532 2848 Arist.
1551 2804 1687 2860 VeSp.
1711 2803 1797 2847 720
1809 2803 1844 2860 2)

267 2998 302 3044 ¹)
328 2997 382 3034 cf.
409 2997 458 3033 ad
483 3008 535 3034 vs.
560 2995 633 3033 360
657 3007 711 3043 sq.

267 3058 304 3103 ²)
329 3057 534 3093 Praeterea
559 3057 656 3092 citat
682 3055 932 3092 Leeuwenius
957 3055 1068 3101 Vesp.
1092 3053 1198 3098 1007,
1223 3053 1388 3088 Acharn.
1413 3051 1495 3096 221,
1519 3051 1624 3095 1197,
1651 3050 1714 3098 Eq.
1740 3050 1846 3095 1313,

217 3116 316 3154 Nub.
340 3116 445 3162 1436,
471 3116 558 3162 Lys.
582 3115 663 3161 127,
689 3115 839 3151 Thesm.
863 3113 968 3150 1089.
