2274 3750
1174 361 1410 406 -36-

473 494 675 552 quidem,
708 494 745 537 si
777 490 958 536 textum
989 493 1212 536 traditum
1243 496 1516 550 spectamus,
1539 493 1604 537 sic
1625 496 1839 538 annotat:
1873 493 1994 548 „Ftir
2013 506 2103 537 uns
2170 493 2175 499 ’

473 566 531 608 131
562 569 628 608 631
659 565 857 619 seltsam,
891 565 994 607 dasz
1026 565 1148 608 diese
1181 564 1482 608 Gesellschaft
1512 565 1643 608 nicht
1673 565 1758 608 frei
1789 565 1861 619 ist,
1903 565 2108 610 sondern

473 637 609 679 einen
652 631 806 678 Herm
847 635 942 689 hat,
984 624 1082 678 und
1114 635 1261 679 dieser
1293 635 1426 690 Herr,
1461 636 1633 679 erzahlt
1663 650 1752 679 uns
1783 636 1857 679 (116
1888 635 2102 695 Kyllene,

473 707 554 750 hat
584 706 744 749 friiher
765 706 851 749 mit
873 706 1074 762 Thyrsos
1097 707 1192 750 und
1214 705 1379 750 Nebris
1401 710 1520 750 samt
1541 707 1715 750 seinem
1739 706 1927 762 Gefolge
1949 706 2104 750 hinter

473 779 579 821 dem
611 778 745 821 Gotte
778 781 983 834 getanzt:
1017 778 1098 821 das
1128 778 1187 821 ist
1217 777 1292 821 die
1314 778 1488 834 einzige
1510 778 1812 834 Erwahnung
1831 778 1911 821 des
1933 777 2103 834 Diony·

472 863 571 893 sos.
592 883 601 891 .
620 883 659 893 ..
703 849 784 891 Ich
826 849 947 892 ahne
985 848 1128 903 nicht,
1162 863 1253 893 wer
1285 849 1366 892 der
1396 849 1520 892 Herr
1551 849 1650 892 sein
1681 849 1869 903 konnte,
1904 850 2105 893 vermut·
2171 837 2178 843 ⁵

472 920 565 963 lich
595 920 656 962 ist
686 934 736 963 er
765 934 842 963 am
880 920 1011 963 Ende
1043 919 1116 963 bei
1148 920 1228 964 der
1261 920 1556 976 Freilassung
1586 920 1667 964 der
1698 920 1867 977 Satyrn
1897 922 2104 975 genannt

474 991 680 1045 worden;
714 991 823 1034 aber
854 991 927 1034 die
959 991 1221 1035 Zuschauer
1251 991 1404 1035 haben
1436 991 1643 1035 offenbar
1673 992 1775 1035 eine
1802 980 2106 1047 Aufklarung

473 1077 555 1119 gar
586 1062 716 1105 nicht
747 1062 877 1118 notig
906 1061 1119 1118 gehabt.’'
1151 1062 1239 1106 Sed
1272 1062 1405 1119 plura
1427 1062 1490 1105 316
1512 1062 1766 1116 offendunt,
1789 1077 1899 1105 nam
1922 1061 2104 1107 credere

474 1147 566 1175 non
609 1147 795 1190 possum
837 1136 1017 1190 praeter
1057 1133 1266 1176 Silenum
1309 1133 1383 1177 vel
1425 1133 1682 1190 Dionysum
1725 1133 1878 1190 ipsum
1916 1132 2104 1176 tertium

413 1203 415 1205 ’
475 1204 706 1260 quendam
749 1204 888 1247 fuisse
920 1203 1189 1260 Satyrorum
1221 1204 1466 1247 dominui‘n
1498 1203 1630 1247 nobis
1661 1217 1845 1260 prorsus
1875 1204 2101 1259 ignotum,

475 1280 522 1318 at
561 1276 764 1333 antiquis
805 1276 1135 1332 spectatoribus
1177 1279 1272 1319 tam
1314 1276 1628 1329 manifestum,
1670 1279 1723 1318 ut
1763 1288 1932 1318 nomen
1971 1273 2105 1318 edere

475 1350 611 1403 poeta'
649 1347 954 1403 supersedeat,
992 1347 1137 1390 immo
1174 1361 1231 1390 ex
1263 1346 1474 1404 Cyclopis
1504 1361 1639 1391 versu
1673 1346 1836 1389 ultimo
1867 1347 1932 1404 (τὸ
1961 1344 2104 1387 λοιπὸα1

476 1418 658 1473 Βακχίωι
686 1416 981 1475 δουλεύσομεν.)
1013 1421 1059 1461 61
1090 1417 1326 1474 Anonymi
1358 1421 1440 1461 sat.
1472 1418 1557 1474 frg.
1587 1431 1689 1474 pap.
1713 1417 1771 1460 ab
1793 1416 1973 1460 Huntio
1993 1415 2105 1459 editi

475 1504 540 1533 VS.
575 1489 600 1532 7
634 1488 794 1545 (nanim
824 1488 865 1530 δε
897 1497 1076 1542 νυμφῶν,
1111 1490 1295 1544 Βακχίου
1326 1487 1362 1529 δ’
1395 1489 1622 1546 ὑπηρέται),
1650 1502 1707 1531 ne
1735 1488 1868 1545 plura
1893 1486 2107 1544 exempla

477 1561 628 1614 citem,
660 1559 762 1603 luce
794 1559 960 1603 clarius
991 1563 1182 1617 apparet
1203 1559 1471 1616 Satyrorum
1492 1559 1733 1602 dominum
1756 1559 1989 1602 Bacchum
2011 1571 2107 1602 esse

477 1632 633 1675 solere.
677 1631 879 1686 Accedit,
922 1631 1044 1688 quod
1087 1631 1228 1675 verba
1268 1631 1441 1686 νεβρίνηι
1473 1631 1734 1686 καθημμένοσ
1764 1629 1876 1685 δορᾶι
1908 1638 2034 1687 χεροῖν
2064 1644 2106 1670 τε

476 1703 626 1756 θύρσον
667 1701 826 1755 εὐπαλῆ
866 1703 996 1756 φέρων
1037 1702 1241 1758 Dionyso
1260 1701 1295 1755 1)
1334 1702 1434 1758 ipsi,
1478 1701 1556 1744 sed
1597 1701 1738 1744 etiam
1771 1699 2107 1744 Bacchantibus

478 1788 619 1831 quam
651 1773 854 1816 maxime
882 1773 1177 1826 conveniunt,
1203 1774 1256 1817 cf.
1281 1786 1318 1816 6.
1340 1788 1383 1830 g.
1410 1772 1517 1817 Eur.
1541 1773 1705 1817 Bacch.
1730 1771 1815 1816 176
1835 1786 1899 1829 sq.
1931 1772 2109 1827 θύρσουσ

475 1846 674 1888 ἀνάπτειν
705 1847 770 1886 καὶ
792 1845 942 1900 «νεβρῶν
974 1844 1096 1898 δορὰο·
1125 1843 1236 1900 ἔχειν,
1269 1851 1493 1897 στεφανοῦν
1520 1860 1562 1885 τε
1583 1851 1713 1898 κρᾶτα
1735 1844 1916 1886 κισσίνοισ
1935 1841 2107 1898 βλαστή-

476 1931 609 1970 μασιν.
633 1916 844 1973 Denique
867 1919 911 1959 et
932 1915 1127 1960 verbum
1149 1915 1254 1969 ζήτει
1274 1915 1325 1958 111
1346 1915 1553 1971 margine
1575 1914 1837 1972 appositum
1859 1917 1903 1958 et
1918 1913 2104 1958 initium

476 2001 634 2032 versus
675 1987 761 2029 219
803 1987 951 2044 (υμειν)
992 1987 1118 2029 haud
1139 1986 1289 2029 =dubie
1322 1986 1640 2030 demonstrant
1671 1985 1838 2030 vitium
1870 1983 2105 2042 quoddam

476 2058 630 2102 latere.
671 2058 795 2110 Quas
827 2072 986 2101 omnes
1017 2057 1310 2101 difficultates
1342 2057 1439 2100 tolli
1472 2057 1697 2111 videmus,
1730 2056 1764 2100 si
1798 2060 1943 2100 totam
1974 2055 2107 2099 nobis

477 2144 574 2172 rem
606 2129 669 2172 sic
701 2128 934 2185 fingimus
966 2128 1045 2173 Vs.
1079 2128 1164 2171 218
1196 2128 1418 2185 nympha,
1452 2128 1637 2185 Satyros
1657 2128 1708 2170 in
1728 2125 2107 2184 praecedentibus

477 2200 674 2243 allocuta
705 2200 810 2257 (216
841 2200 1088 2255 ὡρμήθητε),
1121 2199 1179 2243 ad
1201 2198 1405 2261 Silenum,
1429 2213 1535 2243 cum
1558 2199 1787 2256 Nymphis
1805 2199 1841 2254 2)
1861 2197 2106 2255 liberisque

478 2271 570 2314 suis
586 2271 622 2327 3)
670 2271 715 2328 (i.
751 2285 787 2315 e.
837 2271 1026 2328 Satyris)
1069 2270 1305 2314 assiduum
1347 2270 1515 2313 Bacchi
1556 2273 1839 2324 sectatorem,
1881 2283 1928 2312 se
1970 2268 2108 2313 vertit

478 2356 676 2399 eumque
693 2356 774 2398 pro
793 2342 1008 2385 omnibus
1025 2341 1270 2398 compellat
1286 2341 1367 2398 (VS.
1393 2341 1478 2384 218
1496 2338 1622 2397 εἶχεσ).
1643 2341 1782 2384 Recte
1803 2340 1945 2396 igitur
1965 2339 2015 2382 in
2032 2353 2107 2397 pa-

477 2427 590 2470 pyro
618 2427 682 2456 vs.
711 2414 795 2456 221
823 2413 974 2462 εὐιάζεσ
1000 2413 1099 2470 (pro
1125 2412 1309 2467 efnost‘er’)
1337 2426 1479 2455 manu
1505 2411 1648 2455 altera
1675 2411 1971 2454 emendatum
1998 2409 2108 2466 legi—

478 2487 565 2538 tur,
600 2487 644 2526 et
675 2483 847 2540 optime
880 2484 943 2527 sic
975 2483 1131 2526 omnia
1157 2483 1410 2540 procedunt
1432 2486 1622 2540 excepto
1645 2482 1761 2525 miro
1783 2481 1863 2524 illo
1884 2479 2106 2526 vocabulo

478 2571 603 2608 υμειν,
621 2555 744 2612 quod
762 2569 819 2598 ex
837 2558 1050 2612 corrupto
1071 2554 1258 2597 nomine
1279 2554 1463 2611 proprio
1490 2554 1552 2594 Σί
1563 2551 1586 2594 λ
1600 2557 1672 2608 ην’
1700 2552 1925 2610 originem
1941 2551 2107 2596 ducere

531 2720 564 2767 ¹)
591 2720 644 2756 Cf.
670 2731 702 2757 e.
722 2732 758 2767 g.
784 2720 873 2757 Eur.
898 2720 1015 2767 Hyps.
1042 2720 1133 2766 sgm.
1158 2718 1309 2766 (Nauck
1331 2717 1435 2766 752):
1463 2721 1636 2762 Διόνυσοσ,
1661 2721 1698 2752 ὅσ
1722 2719 1876 2765 θύρσοισι
1901 2720 1957 2752 καὶ
1981 2719 2108 2765 νεβρῶν

478 2783 594 2827 deputo
617 2783 800 2815 καθιιιττὸσ
828 2781 899 2814 κτλ.

529 2838 566 2885 ²)
592 2838 647 2875 Cf.
673 2838 812 2885 Hymn.
838 2838 946 2874 Hom.
973 2836 1108 2874 XXVI.
1134 2849 1176 2873 vs
1199 2837 1223 2873 9
1255 2839 1294 2871 αἱ
1318 2839 1351 2871 δ’
1367 2839 1426 2878 ἅμ’
1453 2835 1572 2872 ἕποντο
1594 2838 1730 2878 νύμφαι.
1750 2835 1837 2872 Eul'.
1857 2834 2008 2882 Cyclop.
2025 2833 2108 2871 43).

531 2900 565 2942 ³)
592 2897 645 2933 De
682 2898 811 2933 Sileno
850 2897 1082 2943 Satyrorum
1116 2900 1230 2943 patre
1266 2895 1314 2931 cf.
1341 2906 1372 2932 e.
1397 2907 1432 2942 g.
1467 2894 1548 2931 Ind.
1583 2894 1664 2941 147,
1697 2893 1780 2939 163,
1806 2893 1851 2930 57
1865 2893 1930 2941 (2),
1955 2893 2107 2941 Cyclop.

479 2957 633 3004 passim.
659 2957 758 3003 Lego
777 2956 899 3003 igitur
916 2968 970 2993 VS.
983 2955 1054 2991 222
1067 2967 1154 2991 cum
1169 2954 1468 2991 Wilamowitzio
1484 2957 1616 2990 παίδων
1628 2956 1742 3000 ὅχλωι,
1756 2953 1928 3000 filiorum
1942 2955 2107 2990 caterva.

480 3016 717 3051 Vocabulum
757 3023 841 3051 πειτα
877 3016 1009 3051 eodem
1046 3026 1160 3051 sensu
1198 3014 1430 3061 compluries
1468 3024 1491 3049 a
1515 3013 1644 3049 Sileno
1670 3012 1875 3059 Euripideo
1901 3011 2108 3047 adhibetur

480 3075 530 3121 (6.
543 3086 580 3120 g.
605 3075 663 3119 16,
687 3074 746 3121 27,
770 3074 871 3120 269).
897 3074 1037 3121 Papyri
1064 3073 1266 3110 lectionem
1294 3075 1406 3108 ποδῶν
1431 3074 1532 3119 ὄχλωι
1557 3071 1786 3108 Pearsonius
1810 3070 1957 3106 frustra
1982 3069 2108 3106 vindi·

479 3145 562 3169 care
588 3137 747 3169 conatus
773 3137 832 3169 631
858 3133 1053 3180 Euripidis
1079 3133 1297 3179 fragmento
1322 3131 1392 3167 322
1417 3133 1616 3177 φιλημάτων
1640 3132 1751 3177 ὅχλωι.
