<?xml version="1.0" encoding="UTF-8"?>
<!DOCTYPE html PUBLIC "-//W3C//DTD XHTML 1.0 Transitional//EN"
    "http://www.w3.org/TR/xhtml1/DTD/xhtml1-transitional.dtd">
<html xmlns="http://www.w3.org/1999/xhtml" xml:lang="en" lang="en">
 <head>
  <title>
</title>
<meta http-equiv="Content-Type" content="text/html;charset=utf-8" />
  <meta name='ocr-system' content='tesseract 3.04.00' />
  <meta name='ocr-capabilities' content='ocr_page ocr_carea ocr_par ocr_line ocrx_word'/>
</head>
<body>
  <div class='ocr_page' id='page_1' title='image "./desophoclisindag00spoeuoft_0014.png"; bbox 0 0 2320 3776; ppageno 0'>
   <div class='ocr_carea' id='block_1_1' title="bbox 1266 346 1320 367">
    <p class='ocr_par' dir='ltr' id='par_1_1' title="bbox 1266 346 1320 367">
     <span class='ocr_line' id='line_1_1' title="bbox 1266 346 1320 367; baseline 0 0"><span class='ocrx_word' id='word_1_1' title='bbox 1266 346 1320 367; x_wconf 54' lang='grc' dir='ltr'><em>Δ.-</em></span> 
     </span>
    </p>
   </div>
   <div class='ocr_carea' id='block_1_2' title="bbox 527 464 2101 520">
    <p class='ocr_par' dir='ltr' id='par_1_2' title="bbox 527 464 2101 520">
     <span class='ocr_line' id='line_1_2' title="bbox 527 464 2101 520; baseline 0.001 -13"><span class='ocrx_word' id='word_1_2' title='bbox 527 465 583 507; x_wconf 72' lang='lat' dir='ltr'><em>El</em></span> <span class='ocrx_word' id='word_1_3' title='bbox 631 465 765 518; x_wconf 88' lang='lat' dir='ltr'><em>Vobis,</em></span> <span class='ocrx_word' id='word_1_4' title='bbox 809 464 953 517; x_wconf 80' lang='lat' dir='ltr'><strong>OORT,</strong></span> <span class='ocrx_word' id='word_1_5' title='bbox 988 465 1227 518; x_wconf 69' lang='lat' dir='ltr'>BOLLAND,</span> <span class='ocrx_word' id='word_1_6' title='bbox 1261 464 1542 518; x_wconf 75' lang='lat' dir='ltr'>HESSELING,</span> <span class='ocrx_word' id='word_1_7' title='bbox 1576 464 1870 520; x_wconf 74' lang='lat' dir='ltr'>HOLWERDA,</span> <span class='ocrx_word' id='word_1_8' title='bbox 1904 464 2101 519; x_wconf 62' lang='lat' dir='ltr'><em>Roman,</em></span> 
     </span>
    </p>
   </div>
   <div class='ocr_carea' id='block_1_3' title="bbox 2230 0 2320 491">
    <p class='ocr_par' dir='ltr' id='par_1_3' title="bbox 2230 0 2320 491">
     <span class='ocr_line' id='line_1_3' title="bbox 2230 0 2320 491; baseline 0 3285"><span class='ocrx_word' id='word_1_9' title='bbox 2230 0 2320 491; x_wconf 95' lang='lat' dir='ltr'><em> </em></span> 
     </span>
    </p>
   </div>
   <div class='ocr_carea' id='block_1_4' title="bbox 476 546 2177 603">
    <p class='ocr_par' dir='ltr' id='par_1_4' title="bbox 476 546 2177 603">
     <span class='ocr_line' id='line_1_4' title="bbox 476 546 2177 603; baseline -0.001 -12"><span class='ocrx_word' id='word_1_10' title='bbox 476 548 573 591; x_wconf 87' lang='lat' dir='ltr'><em>Tibi</em></span> <span class='ocrx_word' id='word_1_11' title='bbox 605 561 779 602; x_wconf 86' lang='lat' dir='ltr'><em>quoque,</em></span> <span class='ocrx_word' id='word_1_12' title='bbox 813 559 911 589; x_wconf 83' lang='lat' dir='ltr'><em>VAN</em></span> <span class='ocrx_word' id='word_1_13' title='bbox 944 546 1152 599; x_wconf 69' lang='lat' dir='ltr'><strong>GELDER,</strong></span> <span class='ocrx_word' id='word_1_14' title='bbox 1185 547 1263 603; x_wconf 85' lang='lat' dir='ltr'><em>qui</em></span> <span class='ocrx_word' id='word_1_15' title='bbox 1293 562 1369 600; x_wconf 92' lang='lat' dir='ltr'><em>me,</em></span> <span class='ocrx_word' id='word_1_16' title='bbox 1402 547 1607 590; x_wconf 82' lang='lat' dir='ltr'><em>advenam</em></span> <span class='ocrx_word' id='word_1_17' title='bbox 1628 546 1858 600; x_wconf 88' lang='lat' dir='ltr'><em>obscurum,</em></span> <span class='ocrx_word' id='word_1_18' title='bbox 1885 551 2104 603; x_wconf 79' lang='lat' dir='ltr'><em>tamquam</em></span> <span class='ocrx_word' id='word_1_19' title='bbox 2175 550 2177 552; x_wconf 77' lang='grc'>’</span> 
     </span>
    </p>
   </div>
   <div class='ocr_carea' id='block_1_5' title="bbox 463 629 2152 2183">
    <p class='ocr_par' dir='ltr' id='par_1_5' title="bbox 466 629 2102 769">
     <span class='ocr_line' id='line_1_5' title="bbox 468 629 2102 686; baseline 0 -13"><span class='ocrx_word' id='word_1_20' title='bbox 468 631 545 674; x_wconf 88' lang='lat' dir='ltr'><em>diu</em></span> <span class='ocrx_word' id='word_1_21' title='bbox 589 631 680 673; x_wconf 89' lang='lat' dir='ltr'><em>iam</em></span> <span class='ocrx_word' id='word_1_22' title='bbox 725 644 848 673; x_wconf 88' lang='lat' dir='ltr'><em>essem</em></span> <span class='ocrx_word' id='word_1_23' title='bbox 900 630 1013 673; x_wconf 87' lang='lat' dir='ltr'><em>Tuus</em></span> <span class='ocrx_word' id='word_1_24' title='bbox 1058 630 1305 686; x_wconf 86' lang='lat' dir='ltr'><em>discipulus,</em></span> <span class='ocrx_word' id='word_1_25' title='bbox 1352 644 1511 686; x_wconf 76' lang='lat' dir='ltr'><em>mayna</em></span> <span class='ocrx_word' id='word_1_26' title='bbox 1556 629 1811 686; x_wconf 77' lang='lat' dir='ltr'><em>beniqnitate</em></span> <span class='ocrx_word' id='word_1_27' title='bbox 1858 630 2102 685; x_wconf 79' lang='lat' dir='ltr'><em>tractavisti,</em></span> 
     </span>
     <span class='ocr_line' id='line_1_6' title="bbox 466 713 1151 769; baseline -0.001 -13"><span class='ocrx_word' id='word_1_28' title='bbox 466 714 627 769; x_wconf 75' lang='lat' dir='ltr'><em>qratia-s</em></span> <span class='ocrx_word' id='word_1_29' title='bbox 658 727 737 768; x_wconf 77' lang='lat' dir='ltr'><em>ayo</em></span> <span class='ocrx_word' id='word_1_30' title='bbox 767 727 900 769; x_wconf 87' lang='lat' dir='ltr'><em>quam</em></span> <span class='ocrx_word' id='word_1_31' title='bbox 928 713 1151 756; x_wconf 75' lang='lat' dir='ltr'><em>maximas.</em></span> 
     </span>
    </p>

    <p class='ocr_par' dir='ltr' id='par_1_6' title="bbox 466 795 2152 1684">
     <span class='ocr_line' id='line_1_7' title="bbox 526 795 2100 852; baseline 0.002 -14"><span class='ocrx_word' id='word_1_32' title='bbox 526 796 624 838; x_wconf 84' lang='lat' dir='ltr'><em>Non</em></span> <span class='ocrx_word' id='word_1_33' title='bbox 665 796 810 839; x_wconf 82' lang='lat' dir='ltr'><em>minus</em></span> <span class='ocrx_word' id='word_1_34' title='bbox 847 799 987 838; x_wconf 84' lang='lat' dir='ltr'><em>autem</em></span> <span class='ocrx_word' id='word_1_35' title='bbox 1034 795 1144 849; x_wconf 85' lang='lat' dir='ltr'><em>Tibi,</em></span> <span class='ocrx_word' id='word_1_36' title='bbox 1177 795 1453 850; x_wconf 70' lang='lat' dir='ltr'><em>Vi&#39;mmnsm,</em></span> <span class='ocrx_word' id='word_1_37' title='bbox 1487 796 1712 840; x_wconf 86' lang='lat' dir='ltr'><em>Promotor</em></span> <span class='ocrx_word' id='word_1_38' title='bbox 1742 798 2100 852; x_wconf 86' lang='lat' dir='ltr'><em>aestumatissime,</em></span> 
     </span>
     <span class='ocr_line' id='line_1_8' title="bbox 466 878 2152 937; baseline 0.001 -16"><span class='ocrx_word' id='word_1_39' title='bbox 466 879 629 936; x_wconf 72' lang='lat' dir='ltr'><em>qratias</em></span> <span class='ocrx_word' id='word_1_40' title='bbox 663 878 893 935; x_wconf 84' lang='lat' dir='ltr'><em>persolvere</em></span> <span class='ocrx_word' id='word_1_41' title='bbox 933 879 1113 935; x_wconf 84' lang='lat' dir='ltr'><em>officium</em></span> <span class='ocrx_word' id='word_1_42' title='bbox 1154 883 1211 922; x_wconf 85' lang='lat' dir='ltr'><em>est</em></span> <span class='ocrx_word' id='word_1_43' title='bbox 1255 879 1543 923; x_wconf 86' lang='lat' dir='ltr'><em>laetissimum.</em></span> <span class='ocrx_word' id='word_1_44' title='bbox 1587 879 1686 923; x_wconf 91' lang='lat' dir='ltr'><em>Iam</em></span> <span class='ocrx_word' id='word_1_45' title='bbox 1713 895 1831 937; x_wconf 89' lang='lat' dir='ltr'><em>puer,</em></span> <span class='ocrx_word' id='word_1_46' title='bbox 1875 879 2103 937; x_wconf 75' lang='lat' dir='ltr'><em>Gymnasii</em></span> <span class='ocrx_word' id='word_1_47' title='bbox 2146 899 2152 907; x_wconf 92' lang='lat'><strong>·</strong></span> 
     </span>
     <span class='ocr_line' id='line_1_9' title="bbox 466 962 2105 1020; baseline 0.001 -15"><span class='ocrx_word' id='word_1_48' title='bbox 466 962 758 1005; x_wconf 72' lang='lat' dir='ltr'><em>Har-lemensis</em></span> <span class='ocrx_word' id='word_1_49' title='bbox 805 962 976 1018; x_wconf 79' lang='lat' dir='ltr'><em>utrique</em></span> <span class='ocrx_word' id='word_1_50' title='bbox 1020 966 1210 1004; x_wconf 88' lang='lat' dir='ltr'><em>nostrum</em></span> <span class='ocrx_word' id='word_1_51' title='bbox 1256 963 1466 1005; x_wconf 76' lang='lat' dir='ltr'><em>carissimi</em></span> <span class='ocrx_word' id='word_1_52' title='bbox 1510 963 1756 1020; x_wconf 87' lang='lat' dir='ltr'><em>discipulus,</em></span> <span class='ocrx_word' id='word_1_53' title='bbox 1796 967 2004 1020; x_wconf 75' lang='lat' dir='ltr'><em>tantopere</em></span> <span class='ocrx_word' id='word_1_54' title='bbox 2050 962 2105 1005; x_wconf 88' lang='lat' dir='ltr'><em>Te</em></span> 
     </span>
     <span class='ocr_line' id='line_1_10' title="bbox 466 1043 2100 1101; baseline 0 -12"><span class='ocrx_word' id='word_1_55' title='bbox 466 1045 686 1098; x_wconf 75' lang='lat' dir='ltr'><em>reverebar,</em></span> <span class='ocrx_word' id='word_1_56' title='bbox 723 1049 771 1087; x_wconf 85' lang='lat' dir='ltr'><em>ut</em></span> <span class='ocrx_word' id='word_1_57' title='bbox 801 1045 913 1087; x_wconf 82' lang='lat' dir='ltr'><em>mihi</em></span> <span class='ocrx_word' id='word_1_58' title='bbox 956 1043 1048 1087; x_wconf 75' lang='lat' dir='ltr'><em>Tua</em></span> <span class='ocrx_word' id='word_1_59' title='bbox 1076 1058 1184 1101; x_wconf 91' lang='lat' dir='ltr'><em>prae</em></span> <span class='ocrx_word' id='word_1_60' title='bbox 1218 1045 1356 1088; x_wconf 87' lang='lat' dir='ltr'><em>ceteris</em></span> <span class='ocrx_word' id='word_1_61' title='bbox 1390 1046 1532 1088; x_wconf 84' lang='lat' dir='ltr'><em>studia</em></span> <span class='ocrx_word' id='word_1_62' title='bbox 1562 1045 1732 1089; x_wconf 86' lang='lat' dir='ltr'><em>colenda</em></span> <span class='ocrx_word' id='word_1_63' title='bbox 1761 1059 1840 1089; x_wconf 88' lang='lat' dir='ltr'><em>esse</em></span> <span class='ocrx_word' id='word_1_64' title='bbox 1869 1049 2100 1089; x_wconf 73' lang='lat' dir='ltr'><em>statuerem.</em></span> 
     </span>
     <span class='ocr_line' id='line_1_11' title="bbox 467 1127 2104 1184; baseline -0.001 -12"><span class='ocrx_word' id='word_1_65' title='bbox 467 1129 524 1172; x_wconf 82' lang='lat' dir='ltr'><em>Et</em></span> <span class='ocrx_word' id='word_1_66' title='bbox 582 1128 714 1172; x_wconf 82' lang='lat' dir='ltr'><em>hercle</em></span> <span class='ocrx_word' id='word_1_67' title='bbox 758 1142 916 1184; x_wconf 88' lang='lat' dir='ltr'><em>semper</em></span> <span class='ocrx_word' id='word_1_68' title='bbox 955 1127 1182 1184; x_wconf 81' lang='lat' dir='ltr'><em>antiquum</em></span> <span class='ocrx_word' id='word_1_69' title='bbox 1222 1127 1406 1171; x_wconf 78' lang='lat' dir='ltr'><em>obtines!</em></span> <span class='ocrx_word' id='word_1_70' title='bbox 1461 1127 1551 1181; x_wconf 77' lang='lat' dir='ltr'><em>Quo</em></span> <span class='ocrx_word' id='word_1_71' title='bbox 1591 1128 1729 1184; x_wconf 77' lang='lat' dir='ltr'><em>mayis</em></span> <span class='ocrx_word' id='word_1_72' title='bbox 1775 1128 1830 1171; x_wconf 87' lang='lat' dir='ltr'><em>Te</em></span> <span class='ocrx_word' id='word_1_73' title='bbox 1874 1141 2104 1184; x_wconf 79' lang='lat' dir='ltr'><em>coynoscere</em></span> 
     </span>
     <span class='ocr_line' id='line_1_12' title="bbox 466 1210 2104 1268; baseline 0 -14"><span class='ocrx_word' id='word_1_74' title='bbox 466 1212 579 1255; x_wconf 84' lang='lat' dir='ltr'><em>mihi</em></span> <span class='ocrx_word' id='word_1_75' title='bbox 619 1212 760 1264; x_wconf 85' lang='lat' dir='ltr'><em>datur,</em></span> <span class='ocrx_word' id='word_1_76' title='bbox 802 1225 846 1253; x_wconf 92' lang='lat' dir='ltr'><em>eo</em></span> <span class='ocrx_word' id='word_1_77' title='bbox 886 1212 1024 1267; x_wconf 79' lang='lat' dir='ltr'><em>maqis</em></span> <span class='ocrx_word' id='word_1_78' title='bbox 1071 1210 1126 1254; x_wconf 85' lang='lat' dir='ltr'><em>Te</em></span> <span class='ocrx_word' id='word_1_79' title='bbox 1171 1211 1389 1268; x_wconf 68' lang='lat' dir='ltr'><em>Tuamque</em></span> <span class='ocrx_word' id='word_1_80' title='bbox 1428 1211 1615 1254; x_wconf 82' lang='lat' dir='ltr'><em>indolem</em></span> <span class='ocrx_word' id='word_1_81' title='bbox 1655 1211 1851 1268; x_wconf 90' lang='lat' dir='ltr'><em>suspicio,</em></span> <span class='ocrx_word' id='word_1_82' title='bbox 1890 1210 1945 1253; x_wconf 86' lang='lat' dir='ltr'><em>Te</em></span> <span class='ocrx_word' id='word_1_83' title='bbox 1974 1210 2104 1267; x_wconf 83' lang='lat' dir='ltr'><em>potis-</em></span> 
     </span>
     <span class='ocr_line' id='line_1_13' title="bbox 466 1293 2102 1351; baseline -0.001 -14"><span class='ocrx_word' id='word_1_84' title='bbox 466 1295 623 1337; x_wconf 85' lang='lat' dir='ltr'><em>simum</em></span> <span class='ocrx_word' id='word_1_85' title='bbox 672 1295 843 1338; x_wconf 86' lang='lat' dir='ltr'><em>electum</em></span> <span class='ocrx_word' id='word_1_86' title='bbox 888 1308 978 1348; x_wconf 84' lang='lat' dir='ltr'><em>esse,</em></span> <span class='ocrx_word' id='word_1_87' title='bbox 1025 1295 1095 1337; x_wconf 86' lang='lat' dir='ltr'><em>cui</em></span> <span class='ocrx_word' id='word_1_88' title='bbox 1140 1294 1405 1338; x_wconf 86' lang='lat' dir='ltr'><em>Leeuwenius</em></span> <span class='ocrx_word' id='word_1_89' title='bbox 1453 1294 1653 1351; x_wconf 86' lang='lat' dir='ltr'><em>lampada</em></span> <span class='ocrx_word' id='word_1_90' title='bbox 1701 1294 1887 1348; x_wconf 86' lang='lat' dir='ltr'><em>traderet,</em></span> <span class='ocrx_word' id='word_1_91' title='bbox 1929 1293 2102 1350; x_wconf 77' lang='lat' dir='ltr'><em>qaudeo.</em></span> 
     </span>
     <span class='ocr_line' id='line_1_14' title="bbox 472 1375 2105 1435; baseline -0.001 -14"><span class='ocrx_word' id='word_1_92' title='bbox 472 1378 693 1435; x_wconf 79' lang='lat' dir='ltr'><em>Quidquid</em></span> <span class='ocrx_word' id='word_1_93' title='bbox 743 1378 900 1420; x_wconf 71' lang='lat' dir='ltr'><em>auscilii</em></span> <span class='ocrx_word' id='word_1_94' title='bbox 954 1377 1335 1434; x_wconf 75' lang='lat' dir='ltr'><em>benevolentiaeque</em></span> <span class='ocrx_word' id='word_1_95' title='bbox 1380 1402 1436 1409; x_wconf 89' lang='lat'>—</span> <span class='ocrx_word' id='word_1_96' title='bbox 1483 1378 1677 1434; x_wconf 85' lang='lat' dir='ltr'><em>quamvis</em></span> <span class='ocrx_word' id='word_1_97' title='bbox 1726 1377 1816 1434; x_wconf 88' lang='lat' dir='ltr'><em>ipse</em></span> <span class='ocrx_word' id='word_1_98' title='bbox 1861 1375 2105 1420; x_wconf 82' lang='lat' dir='ltr'><em>muneribus</em></span> 
     </span>
     <span class='ocr_line' id='line_1_15' title="bbox 468 1459 2104 1518; baseline -0.002 -13"><span class='ocrx_word' id='word_1_99' title='bbox 468 1463 659 1518; x_wconf 81' lang='lat' dir='ltr'><em>curisque</em></span> <span class='ocrx_word' id='word_1_100' title='bbox 699 1461 929 1504; x_wconf 71' lang='lat' dir='ltr'><em>domesticis</em></span> <span class='ocrx_word' id='word_1_101' title='bbox 969 1465 1189 1517; x_wconf 80' lang='lat' dir='ltr'><em>occupatus</em></span> <span class='ocrx_word' id='word_1_102' title='bbox 1230 1486 1288 1492; x_wconf 86' lang='lat'><em>-—</em></span> <span class='ocrx_word' id='word_1_103' title='bbox 1328 1460 1441 1503; x_wconf 86' lang='lat' dir='ltr'><em>mihi</em></span> <span class='ocrx_word' id='word_1_104' title='bbox 1466 1464 1680 1517; x_wconf 86' lang='lat' dir='ltr'><em>praestare</em></span> <span class='ocrx_word' id='word_1_105' title='bbox 1715 1459 1901 1512; x_wconf 85' lang='lat' dir='ltr'><em>voluisti,</em></span> <span class='ocrx_word' id='word_1_106' title='bbox 1933 1459 2104 1516; x_wconf 62' lang='lat' dir='ltr'><em>ingrato</em></span> 
     </span>
     <span class='ocr_line' id='line_1_16' title="bbox 467 1542 2102 1602; baseline -0.001 -15"><span class='ocrx_word' id='word_1_107' title='bbox 467 1558 552 1587; x_wconf 85' lang='lat' dir='ltr'><em>non</em></span> <span class='ocrx_word' id='word_1_108' title='bbox 579 1544 807 1602; x_wconf 83' lang='lat' dir='ltr'><em>perdidisti</em></span> <span class='ocrx_word' id='word_1_109' title='bbox 816 1561 832 1596; x_wconf 93' lang='lat'><em>;</em></span> <span class='ocrx_word' id='word_1_110' title='bbox 869 1544 1007 1587; x_wconf 71' lang='lat' dir='ltr'><em>Tuum</em></span> <span class='ocrx_word' id='word_1_111' title='bbox 1039 1557 1128 1597; x_wconf 87' lang='lat' dir='ltr'><em>esse,</em></span> <span class='ocrx_word' id='word_1_112' title='bbox 1161 1545 1199 1586; x_wconf 90' lang='lat' dir='ltr'><em>si</em></span> <span class='ocrx_word' id='word_1_113' title='bbox 1230 1544 1337 1600; x_wconf 86' lang='lat' dir='ltr'><em>quid</em></span> <span class='ocrx_word' id='word_1_114' title='bbox 1362 1544 1475 1599; x_wconf 87' lang='lat' dir='ltr'><em>forte</em></span> <span class='ocrx_word' id='word_1_115' title='bbox 1498 1543 1646 1587; x_wconf 85' lang='lat' dir='ltr'><em>habeat</em></span> <span class='ocrx_word' id='word_1_116' title='bbox 1669 1543 1737 1586; x_wconf 81' lang='lat' dir='ltr'><em>hic</em></span> <span class='ocrx_word' id='word_1_117' title='bbox 1761 1542 1864 1586; x_wconf 88' lang='lat' dir='ltr'><em>liber</em></span> <span class='ocrx_word' id='word_1_118' title='bbox 1884 1542 2102 1598; x_wconf 76' lang='lat' dir='ltr'><em>utilitatis,</em></span> 
     </span>
     <span class='ocr_line' id='line_1_17' title="bbox 467 1625 1617 1684; baseline -0.002 -14"><span class='ocrx_word' id='word_1_119' title='bbox 467 1632 588 1684; x_wconf 80' lang='lat' dir='ltr'><em>yrato</em></span> <span class='ocrx_word' id='word_1_120' title='bbox 619 1627 766 1670; x_wconf 85' lang='lat' dir='ltr'><em>animo</em></span> <span class='ocrx_word' id='word_1_121' title='bbox 797 1640 1082 1681; x_wconf 83' lang='lat' dir='ltr'><em>commemorO,</em></span> <span class='ocrx_word' id='word_1_122' title='bbox 1114 1640 1272 1683; x_wconf 83' lang='lat' dir='ltr'><em>semper</em></span> <span class='ocrx_word' id='word_1_123' title='bbox 1302 1630 1435 1669; x_wconf 86' lang='lat' dir='ltr'><em>mente</em></span> <span class='ocrx_word' id='word_1_124' title='bbox 1468 1625 1617 1669; x_wconf 84' lang='lat' dir='ltr'><em>tenebo.</em></span> 
     </span>
    </p>

    <p class='ocr_par' dir='ltr' id='par_1_7' title="bbox 468 1708 2105 2017">
     <span class='ocr_line' id='line_1_18' title="bbox 534 1708 2104 1768; baseline -0.002 -14"><span class='ocrx_word' id='word_1_125' title='bbox 534 1711 599 1754; x_wconf 85' lang='lat' dir='ltr'><em>Tu</em></span> <span class='ocrx_word' id='word_1_126' title='bbox 639 1725 816 1768; x_wconf 88' lang='lat' dir='ltr'><em>quoque,</em></span> <span class='ocrx_word' id='word_1_127' title='bbox 858 1711 1077 1763; x_wconf 81' lang='lat' dir='ltr'><strong>GARRER,</strong></span> <span class='ocrx_word' id='word_1_128' title='bbox 1118 1710 1186 1753; x_wconf 78' lang='lat' dir='ltr'><em>vir</em></span> <span class='ocrx_word' id='word_1_129' title='bbox 1221 1709 1453 1754; x_wconf 82' lang='lat' dir='ltr'><em>doctissime</em></span> <span class='ocrx_word' id='word_1_130' title='bbox 1482 1723 1639 1752; x_wconf 87' lang='lat' dir='ltr'><em>necnon</em></span> <span class='ocrx_word' id='word_1_131' title='bbox 1672 1708 1987 1762; x_wconf 82' lang='lat' dir='ltr'><em>humanissime,</em></span> <span class='ocrx_word' id='word_1_132' title='bbox 2019 1721 2104 1765; x_wconf 87' lang='lat' dir='ltr'><em>quo</em></span> 
     </span>
     <span class='ocr_line' id='line_1_19' title="bbox 468 1791 2105 1851; baseline -0.002 -14"><span class='ocrx_word' id='word_1_133' title='bbox 468 1799 616 1837; x_wconf 87' lang='lat' dir='ltr'><em>rectore</em></span> <span class='ocrx_word' id='word_1_134' title='bbox 656 1794 761 1837; x_wconf 90' lang='lat' dir='ltr'><em>olim</em></span> <span class='ocrx_word' id='word_1_135' title='bbox 792 1793 1037 1851; x_wconf 74' lang='lat' dir='ltr'><em>discipulus,</em></span> <span class='ocrx_word' id='word_1_136' title='bbox 1069 1808 1180 1835; x_wconf 86' lang='lat' dir='ltr'><em>nunc</em></span> <span class='ocrx_word' id='word_1_137' title='bbox 1210 1793 1367 1849; x_wconf 77' lang='lat' dir='ltr'><em>colleya</em></span> <span class='ocrx_word' id='word_1_138' title='bbox 1400 1797 1456 1835; x_wconf 91' lang='lat' dir='ltr'><em>tot</em></span> <span class='ocrx_word' id='word_1_139' title='bbox 1484 1793 1594 1835; x_wconf 82' lang='lat' dir='ltr'><em>vada</em></span> <span class='ocrx_word' id='word_1_140' title='bbox 1624 1791 1896 1848; x_wconf 84' lang='lat' dir='ltr'><em>scopulosque</em></span> <span class='ocrx_word' id='word_1_141' title='bbox 1919 1791 2105 1847; x_wconf 77' lang='lat' dir='ltr'><em>feliciter</em></span> 
     </span>
     <span class='ocr_line' id='line_1_20' title="bbox 469 1873 2103 1934; baseline -0.001 -14"><span class='ocrx_word' id='word_1_142' title='bbox 469 1878 677 1934; x_wconf 85' lang='lat' dir='ltr'><em>superavi,</em></span> <span class='ocrx_word' id='word_1_143' title='bbox 706 1891 785 1933; x_wconf 90' lang='lat' dir='ltr'><em>pro</em></span> <span class='ocrx_word' id='word_1_144' title='bbox 817 1891 941 1934; x_wconf 86' lang='lat' dir='ltr'><em>opera</em></span> <span class='ocrx_word' id='word_1_145' title='bbox 974 1876 1090 1919; x_wconf 79' lang='lat' dir='ltr'><em>haud</em></span> <span class='ocrx_word' id='word_1_146' title='bbox 1119 1876 1281 1931; x_wconf 71' lang='lat' dir='ltr'><em>exiqua,</em></span> <span class='ocrx_word' id='word_1_147' title='bbox 1315 1889 1446 1932; x_wconf 90' lang='lat' dir='ltr'><em>quam</em></span> <span class='ocrx_word' id='word_1_148' title='bbox 1475 1879 1513 1918; x_wconf 89' lang='lat' dir='ltr'><em>et</em></span> <span class='ocrx_word' id='word_1_149' title='bbox 1543 1874 1651 1918; x_wconf 87' lang='lat' dir='ltr'><em>alibi</em></span> <span class='ocrx_word' id='word_1_150' title='bbox 1682 1878 1719 1917; x_wconf 91' lang='lat' dir='ltr'><em>et</em></span> <span class='ocrx_word' id='word_1_151' title='bbox 1751 1874 1865 1917; x_wconf 84' lang='lat' dir='ltr'><em>hocce</em></span> <span class='ocrx_word' id='word_1_152' title='bbox 1889 1874 1937 1917; x_wconf 88' lang='lat' dir='ltr'><em>in</em></span> <span class='ocrx_word' id='word_1_153' title='bbox 1962 1873 2103 1918; x_wconf 87' lang='lat' dir='ltr'><em>libello</em></span> 
     </span>
     <span class='ocr_line' id='line_1_21' title="bbox 469 1957 2101 2017; baseline -0.002 -14"><span class='ocrx_word' id='word_1_154' title='bbox 469 1964 655 2004; x_wconf 84' lang='lat' dir='ltr'><em>accurate</em></span> <span class='ocrx_word' id='word_1_155' title='bbox 678 1960 926 2017; x_wconf 77' lang='lat' dir='ltr'><em>perleqe‘ndo</em></span> <span class='ocrx_word' id='word_1_156' title='bbox 958 1959 1070 2002; x_wconf 83' lang='lat' dir='ltr'><em>mihi</em></span> <span class='ocrx_word' id='word_1_157' title='bbox 1098 1959 1335 2016; x_wconf 85' lang='lat' dir='ltr'><em>impendere</em></span> <span class='ocrx_word' id='word_1_158' title='bbox 1363 1959 1549 2012; x_wconf 82' lang='lat' dir='ltr'><em>voluisti,</em></span> <span class='ocrx_word' id='word_1_159' title='bbox 1585 1962 1756 2014; x_wconf 76' lang='lat' dir='ltr'><em>qratum</em></span> <span class='ocrx_word' id='word_1_160' title='bbox 1786 1971 1850 2000; x_wconf 84' lang='lat' dir='ltr'><em>‘me</em></span> <span class='ocrx_word' id='word_1_161' title='bbox 1880 1970 1959 2000; x_wconf 80' lang='lat' dir='ltr'><em>esse</em></span> <span class='ocrx_word' id='word_1_162' title='bbox 1986 1957 2101 2001; x_wconf 81' lang='lat' dir='ltr'><em>scito.</em></span> 
     </span>
    </p>

    <p class='ocr_par' dir='ltr' id='par_1_8' title="bbox 463 2040 2103 2183">
     <span class='ocr_line' id='line_1_22' title="bbox 533 2040 2103 2100; baseline -0.002 -14"><span class='ocrx_word' id='word_1_163' title='bbox 533 2042 738 2086; x_wconf 82' lang='lat' dir='ltr'><em>Omnibus</em></span> <span class='ocrx_word' id='word_1_164' title='bbox 769 2043 959 2100; x_wconf 83' lang='lat' dir='ltr'><em>denique,</em></span> <span class='ocrx_word' id='word_1_165' title='bbox 992 2042 1133 2095; x_wconf 88' lang='lat' dir='ltr'><em>amici,</em></span> <span class='ocrx_word' id='word_1_166' title='bbox 1167 2041 1356 2097; x_wconf 70' lang='lat' dir='ltr'><em>colleoae,</em></span> <span class='ocrx_word' id='word_1_167' title='bbox 1389 2042 1466 2098; x_wconf 88' lang='lat' dir='ltr'><em>qui</em></span> <span class='ocrx_word' id='word_1_168' title='bbox 1496 2041 1649 2084; x_wconf 84' lang='lat' dir='ltr'><em>stadiis</em></span> <span class='ocrx_word' id='word_1_169' title='bbox 1669 2041 1772 2084; x_wconf 83' lang='lat' dir='ltr'><em>meis</em></span> <span class='ocrx_word' id='word_1_170' title='bbox 1791 2053 1960 2097; x_wconf 86' lang='lat' dir='ltr'><em>quoquo</em></span> <span class='ocrx_word' id='word_1_171' title='bbox 1979 2040 2103 2083; x_wconf 89' lang='lat' dir='ltr'><em>modo</em></span> 
     </span>
     <span class='ocr_line' id='line_1_23' title="bbox 463 2122 2101 2183; baseline -0.002 -14"><span class='ocrx_word' id='word_1_172' title='bbox 463 2126 647 2182; x_wconf 80' lang='lat' dir='ltr'><em>favistis,</em></span> <span class='ocrx_word' id='word_1_173' title='bbox 679 2139 838 2183; x_wconf 88' lang='lat' dir='ltr'><em>semper</em></span> <span class='ocrx_word' id='word_1_174' title='bbox 866 2140 931 2168; x_wconf 87' lang='lat' dir='ltr'><em>me</em></span> <span class='ocrx_word' id='word_1_175' title='bbox 970 2124 1117 2169; x_wconf 86' lang='lat' dir='ltr'><em>Vestri</em></span> <span class='ocrx_word' id='word_1_176' title='bbox 1134 2138 1356 2168; x_wconf 89' lang='lat' dir='ltr'><em>memorem</em></span> <span class='ocrx_word' id='word_1_177' title='bbox 1371 2125 1467 2181; x_wconf 84' lang='lat' dir='ltr'><em>fore</em></span> <span class='ocrx_word' id='word_1_178' title='bbox 1481 2138 1730 2182; x_wconf 87' lang='lat' dir='ltr'><em>persuasum</em></span> <span class='ocrx_word' id='word_1_179' title='bbox 1760 2122 1885 2167; x_wconf 53' lang='lat' dir='ltr'><em>Vobis</em></span> <span class='ocrx_word' id='word_1_180' title='bbox 1907 2122 2101 2167; x_wconf 82' lang='lat' dir='ltr'><em>habetote.</em></span> 
     </span>
    </p>
   </div>
  </div>
 </body>
</html>
