2274 3750
1186 373 1423 427 —18÷-

484 504 607 547 unde
648 507 884 558 venerant,
922 505 1229 557 revertuntur,
1263 504 1341 547 sed
1372 504 1493 547 inter
1524 518 1570 548 se
1602 505 1791 548 confusa
1820 505 1918 548 sine
1951 505 2111 548 ordine

484 575 575 618 huc
606 575 716 617 illuc
749 577 1006 625 vertuntur,
1038 578 1089 617 ut
1126 573 1277 628 »δεινὸν
1310 577 1510 630 κυκησμὸν
1531 574 1628 631 ’ἔχειν
1655 578 1725 617 τὸν
1746 574 1984 630 βοηλάτην”
2017 575 2112 620 Sive

486 645 711 688 πλανοδίασ
741 660 848 689 euni
879 644 1059 688 ἐλαύνειν
1091 645 1243 702 Satyri
1274 646 1508 703 aptissime
1541 646 1709 690 dicant.
1743 647 1815 689 En
1841 646 1984 703 igitur
2003 647 2115 690 alte-

486 731 589 759 rum
631 717 795 773 hymni
837 716 1086 760 artificium
1127 731 1155 760 a
1185 716 1408 773 Sophocle
1440 721 1730 774 assumptum
1763 721 1807 761 et
1838 718 1931 761 suis
1962 717 2115 762 verbis

486 801 766 844 expressum,
810 801 951 844 quam
994 787 1051 830 ob
1084 801 1183 830 rem
1224 787 1350 830 haud
1382 792 1553 831 temere
1595 789 1792 832 conicias
1823 789 1873 831 in
1905 792 2000 832 tota
2030 788 2117 832 hac

485 862 614 916 parte
660 858 901 902 scribenda
949 858 1223 915 Sophoclem
1269 858 1435 915 hymni
1481 859 1860 916 compositionem
1906 862 2116 903 accurate

486 930 751 983 servavisse,
785 930 941 986 itaque
974 929 1152 972 duobus
1185 929 1351 986 hymni
1383 930 1588 973 artificiis
1620 930 1838 987 expositis
1868 929 2117 975 verisimile

486 1015 579 1043 non
611 1015 706 1043 esse
738 1001 927 1044 tertium
960 1001 1223 1056 neglectum
1256 1014 1363 1043 eum
1395 1001 1765 1057 praetermisisse,
1799 1001 1921 1058 quod
1949 1001 2115 1057 hymni

485 1075 645 1114 auctor
677 1071 991 1128 compluribus
1022 1071 1230 1115 versibus
1261 1070 1455 1128 dignum
1491 1072 1777 1116 iudicaverit.
1821 1072 2115 1128 Quamquam

484 1142 746 1186 coniectura
778 1142 889 1199 quid
922 1156 1035 1199 opus
1066 1146 1145 1196 est,
1180 1141 1259 1185 ubi
1279 1143 1376 1199 ipse
1398 1146 1553 1186 textus
1575 1147 1697 1186 certa
1718 1143 1908 1186 doceat?
1930 1142 2113 1186 Etenim

486 1213 618 1256 initio
650 1213 1020 1269 investigationis
1040 1213 1151 1256 dum
1175 1213 1319 1256 altera
1340 1213 1467 1256 chori
1488 1228 1592 1270 pars
1614 1228 1783 1257 canum
1805 1213 1942 1256 modo
1961 1213 2114 1256 locum

485 1288 811 1340 perscrutatur,
841 1284 992 1327 subito
1020 1285 1172 1327 nescio
1204 1298 1296 1340 qua
1327 1299 1374 1328 re
1407 1289 1648 1341 conspecta
1680 1285 1908 1328 exclamat
1938 1299 2002 1328 vs.
2036 1285 2114 1329 94:

490 1357 620 1409 „asam
639 1358 747 1406 θεὸσ,
765 1358 872 1406 mbo,
896 1356 1033 1410 θεόσ,”
1057 1359 1100 1398 et
1123 1370 1186 1399 VS.
1211 1356 1286 1399 97:
1315 1357 1444 1408 7,σι’γα·
1469 1357 1561 1396 {mio
1582 1370 1644 1397 τισ
1666 1358 1740 1410 τὴν
1761 1356 1950 1397 ἀποικίαν
1973 1354 2115 1410 ἅγει.”,

484 1426 563 1469 ubi
598 1426 824 1469 Robertus
857 1427 1031 1483 optimo
1063 1427 1163 1469 iure
1195 1429 1387 1469 annotat
1418 1426 1496 1483 (1.1.
1533 1441 1634 1482 pag.
1669 1427 1796 1483 543):
1834 1426 1930 1480 „Im
1949 1430 2116 1470 erstem

485 1497 583 1540 Teil
626 1498 684 1540 ist
721 1498 794 1540 die
827 1497 1056 1540 Situation
1089 1497 1176 1551 die,
1209 1496 1312 1540 dasz
1345 1497 1426 1540 der
1457 1501 1572 1540 erste
1606 1497 1844 1541 Halbchor
1875 1497 1948 1540 die
1980 1497 2116 1540 Fusz-

486 1569 666 1625 stapfen
713 1569 792 1611 des
838 1568 1036 1611 Hermes
1083 1568 1382 1611 wahrnimmt
1423 1568 1520 1611 und
1561 1568 1697 1611 einen
1739 1569 1849 1612 Gott
1889 1567 2115 1621 wittert.'',

485 1653 770 1696 quamquam
787 1639 911 1682 unde
928 1639 1042 1682 haec
1058 1642 1158 1681 orta
1175 1639 1233 1681 sit
1249 1638 1460 1695 suspicio,
1470 1639 1519 1681 in
1536 1639 1710 1682 incerto
1728 1639 1928 1696 reliquit.
1942 1639 2114 1684 Veram

484 1710 912 1766 interpretationem
934 1723 1060 1752 nunc
1087 1723 1270 1766 quoque
1292 1709 1496 1766 hymnus
1517 1709 1648 1753 nobis
1670 1709 1870 1766 praebet,
1898 1710 2027 1754 cuius
2058 1723 2116 1753 ex

488 1780 694 1823 versibus
727 1780 961 1823 222—225
992 1781 1084 1823 iam
1114 1794 1252 1837 supra
1273 1781 1422 1823 citatis
1444 1784 1488 1823 et
1514 1780 1758 1837 praecipue
1780 1795 1837 1824 ex
1859 1795 1923 1826 vs.
1947 1781 2033 1824 342
2050 1795 2114 1838 sq.

842 1853 894 1892 τὰ
926 1850 962 1892 δ’
982 1851 1045 1906 ἄρ’
1077 1851 1182 1906 ἴχνια
1214 1860 1305 1892 τοῖα
1321 1851 1356 1905 l)
1389 1850 1563 1906 πέλωρα,

544 1920 607 1963 οἷα
641 1923 963 1977 favamma-m,
996 1926 1061 1963 καὶ
1094 1923 1249 1974 ἀγαυοῦ
1281 1922 1473 1976 δαίμονοσ
1503 1922 1611 1975 ἔργα.

484 1993 586 2036 luce
635 1993 799 2036 clarius
841 1997 1031 2050 apparet
1061 1994 1201 2036 etiam
1243 1994 1381 2036 deum
1423 1993 1687 2050 Apollinem
1719 1993 1914 2036 insolitis
1945 1994 2116 2050 pedum

485 2064 625 2120 signis
667 2063 966 2121 obstupuisse.
1010 2064 1173 2121 Itaque
1205 2078 1388 2121 prorsus
1420 2079 1511 2107 non
1546 2065 1770 2107 miramur
1801 2064 1986 2121 Satyros
2015 2064 2116 2108 illos

484 2135 620 2177 rudes
661 2139 798 2191 atque
840 2135 1031 2178 rusticos
1072 2135 1337 2191 ingentibus
1369 2135 1681 2178 sandaliorum
1714 2135 1917 2191 vestigiis
1947 2136 2117 2192 agnitis

485 2205 551 2248 nil
583 2206 777 2249 humani
809 2206 874 2249 ibi
905 2205 1086 2260 vidisse,
1120 2206 1198 2249 sed
1231 2211 1380 2249 metus
1412 2206 1570 2262 plenos
1596 2206 1690 2248 θεόν
1713 2222 1806 2248 τινα
1829 2208 1903 2260 τὴν
1924 2207 2114 2250 ἀποικίαν

485 2277 596 2328 ἄγειν
627 2277 921 2321 exclamasse.

545 2347 672 2391 Haec
718 2348 861 2404 igitur
907 2347 962 2391 de
1011 2348 1213 2404 vestigiis
1260 2362 1287 2391 a
1334 2347 1506 2404 Satyris
1552 2347 1742 2404 agnitis3
1786 2350 1937 2401 restat,
1980 2347 2112 2392 utin

484 2419 651 2461 horum
685 2433 902 2463 versuum
933 2419 1158 2462 divisione
1190 2418 1420 2476 paulisper
1450 2418 1761 2462 subsistamus.
1794 2418 1957 2462 Varias
1988 2419 2114 2462 enim

484 2490 572 2534 viri
624 2489 745 2533 docti
773 2490 807 2548 2)
859 2503 1132 2547 proposuere
1179 2489 1458 2546 partitiones,
1507 2503 1704 2547 quorum
1752 2490 2113 2533 Muenscherum

537 2666 569 2712 ¹)
607 2666 674 2702 (311.
713 2678 784 2703 vss.
821 2666 892 2702 225
930 2670 970 2702 et
1006 2665 1077 2702 349
1101 2665 1192 2713 (τοῖα
1231 2665 1369 2714 πέλωρ’)
1397 2665 1568 2702 Barnesii
1594 2666 1815 2702 coniectura
1845 2674 1922 2701 τοῖα
1946 2676 2015 2714 pro
2038 2668 2114 2701 δοιὰ

485 2725 698 2761 necessaria
723 2726 801 2761 fere
828 2725 922 2761 mihi
949 2725 1113 2761 videtur.
1138 2725 1298 2760 Prorsus
1324 2724 1456 2760 eodem
1484 2725 1595 2760 modo
1620 2725 1679 2761 dei
1707 2725 1870 2772 vestigia
1886 2724 1997 2760 facile
2019 2728 2111 2761 sunt

484 2784 724 2829 agnoscenda
749 2784 850 2832 apud
879 2785 987 2820 Hom.
1013 2784 1047 2819 N
1072 2784 1120 2820 70
1137 2794 1210 2831 sq.:

531 2846 603 2877 οὐδ’
622 2846 640 2877 ὅ
659 2858 696 2888 γε
718 2846 862 2889 Κάλχασ
881 2847 961 2888 ἐστὶ,
985 2846 1178 2890 θεοπρόποσ
1196 2847 1382 2888 οἶωνιστήσ·
1410 2844 1413 2889 Ι
1440 2844 1535 2889 ἴχνεα
1549 2848 1614 2891 γὰρ
1627 2846 1816 2886 μετόπισθε
1830 2846 1941 2880 ποδῶν
1953 2845 2015 2889 ἠδὲ
2029 2858 2113 2890 κνη-

483 2906 578 2944 μάων
606 2903 609 2947 Ι
638 2904 698 2949 ῥεῖ’
723 2905 826 2947 ἔγνων
851 2905 1023 2947 damma,
1049 2906 1231 2950 ἀρίγνωτοι
1257 2904 1294 2936 δὲ
1320 2906 1396 2937 θεοί
1421 2917 1495 2950 περ.

536 2961 571 3008 ²)
608 2962 808 3007 Robcrtus,
844 2962 898 2998 1.1.
934 2961 1004 2998 543
1020 2973 1112 3009 sqq.,
1149 2961 1364 2997 Wilamow.
1390 2962 1442 2998 1.1.
1475 2961 1498 2996 8
1522 2973 1614 3009 sqq.,
1645 2961 1877 3008 Koettgenia
1909 2961 1961 2998 1.1.
1995 2960 2113 3006 54Η),

487 3019 668 3064 DiehliuS,
697 3020 970 3056 Muenscherns
997 3021 1047 3058 Ι.1.
1074 3020 1144 3056 ’173
1161 3031 1243 3067 sqq.

534 3079 584 3113 Ex
624 3090 731 3113 versu
759 3078 828 3114 168
860 3079 926 3126 (ad
956 3090 1068 3126 quem
1098 3079 1197 3126 vide)
1224 3079 1436 3114 necessario
1461 3079 1580 3126 sequi,
1606 3083 1651 3115 ut
1675 3080 1736 3115 hic
1762 3080 1866 3114 chori
1892 3082 2113 3115 statuamus

485 3137 726 3183 tripartitam
754 3138 979 3173 divisionem
1008 3138 1307 3173 Wilamowitzio
1333 3138 1536 3174 concedere
1564 3149 1636 3174 non
1665 3149 1830 3185 possum.
