<?xml version="1.0" encoding="UTF-8"?>
<!DOCTYPE html PUBLIC "-//W3C//DTD XHTML 1.0 Transitional//EN"
    "http://www.w3.org/TR/xhtml1/DTD/xhtml1-transitional.dtd">
<html xmlns="http://www.w3.org/1999/xhtml" xml:lang="en" lang="en">
 <head>
  <title>
</title>
<meta http-equiv="Content-Type" content="text/html;charset=utf-8" />
  <meta name='ocr-system' content='tesseract 3.04.00' />
  <meta name='ocr-capabilities' content='ocr_page ocr_carea ocr_par ocr_line ocrx_word'/>
</head>
<body>
  <div class='ocr_page' id='page_1' title='image "./desophoclisindag00spoeuoft_0057.png"; bbox 0 0 2274 3750; ppageno 0'>
   <div class='ocr_carea' id='block_1_1' title="bbox 898 339 1131 382">
    <p class='ocr_par' dir='ltr' id='par_1_1' title="bbox 898 339 1131 382">
     <span class='ocr_line' id='line_1_1' title="bbox 898 339 1131 382; baseline -0.004 -10"><span class='ocrx_word' id='word_1_1' title='bbox 898 366 953 372; x_wconf 71' lang='grc'>..,</span> <span class='ocrx_word' id='word_1_2' title='bbox 985 339 1131 382; x_wconf 73' lang='lat'>41,-</span> 
     </span>
    </p>
   </div>
   <div class='ocr_carea' id='block_1_2' title="bbox 186 469 1833 884">
    <p class='ocr_par' dir='ltr' id='par_1_2' title="bbox 186 469 1833 884">
     <span class='ocr_line' id='line_1_2' title="bbox 261 469 1831 530; baseline -0.003 -13"><span class='ocrx_word' id='word_1_3' title='bbox 261 471 366 517; x_wconf 76' lang='lat'>265.</span> <span class='ocrx_word' id='word_1_4' title='bbox 399 472 586 530; x_wconf 88' lang='lat' dir='ltr'>Optimo</span> <span class='ocrx_word' id='word_1_5' title='bbox 615 472 715 514; x_wconf 88' lang='lat' dir='ltr'>iure</span> <span class='ocrx_word' id='word_1_6' title='bbox 738 470 1031 525; x_wconf 87' lang='lat' dir='ltr'>Vollgraffius</span> <span class='ocrx_word' id='word_1_7' title='bbox 1052 469 1222 512; x_wconf 82' lang='lat' dir='ltr'>Huntii</span> <span class='ocrx_word' id='word_1_8' title='bbox 1242 470 1691 527; x_wconf 77' lang='lat' dir='ltr'>interpretationem:</span> <span class='ocrx_word' id='word_1_9' title='bbox 1715 469 1831 522; x_wconf 87' lang='lat' dir='ltr'>„and</span> 
     </span>
     <span class='ocr_line' id='line_1_3' title="bbox 201 539 1831 601; baseline -0.004 -13"><span class='ocrx_word' id='word_1_10' title='bbox 201 542 252 587; x_wconf 88' lang='lat' dir='ltr'>in</span> <span class='ocrx_word' id='word_1_11' title='bbox 293 559 322 587; x_wconf 90' lang='lat' dir='ltr'>a</span> <span class='ocrx_word' id='word_1_12' title='bbox 365 544 502 601; x_wconf 76' lang='lat' dir='ltr'>lonely</span> <span class='ocrx_word' id='word_1_13' title='bbox 545 557 655 586; x_wconf 84' lang='lat' dir='ltr'>cave</span> <span class='ocrx_word' id='word_1_14' title='bbox 697 542 755 584; x_wconf 91' lang='lat' dir='ltr'>he</span> <span class='ocrx_word' id='word_1_15' title='bbox 797 540 931 596; x_wconf 81' lang='lat' dir='ltr'>begat</span> <span class='ocrx_word' id='word_1_16' title='bbox 972 556 999 583; x_wconf 87' lang='lat' dir='ltr'>a</span> <span class='ocrx_word' id='word_1_17' title='bbox 1040 541 1167 583; x_wconf 87' lang='lat' dir='ltr'>son.&#39;&#39;</span> <span class='ocrx_word' id='word_1_18' title='bbox 1209 541 1350 594; x_wconf 86' lang='lat' dir='ltr'>reicit,</span> <span class='ocrx_word' id='word_1_19' title='bbox 1393 545 1440 584; x_wconf 88' lang='lat' dir='ltr'>at</span> <span class='ocrx_word' id='word_1_20' title='bbox 1471 539 1831 584; x_wconf 86' lang='lat' dir='ltr'>immeritissimo</span> 
     </span>
     <span class='ocr_line' id='line_1_4' title="bbox 203 610 1832 671; baseline -0.002 -13"><span class='ocrx_word' id='word_1_21' title='bbox 203 613 507 671; x_wconf 87' lang='lat' dir='ltr'>Terzaghium</span> <span class='ocrx_word' id='word_1_22' title='bbox 541 613 659 656; x_wconf 88' lang='lat' dir='ltr'>ridet</span> <span class='ocrx_word' id='word_1_23' title='bbox 681 611 716 665; x_wconf 93' lang='lat' dir='ltr'>l)</span> <span class='ocrx_word' id='word_1_24' title='bbox 746 614 1028 656; x_wconf 87' lang='lat' dir='ltr'>vertentem:</span> <span class='ocrx_word' id='word_1_25' title='bbox 1066 610 1224 664; x_wconf 88' lang='lat' dir='ltr'>„Nella</span> <span class='ocrx_word' id='word_1_26' title='bbox 1254 615 1406 667; x_wconf 78' lang='lat' dir='ltr'>grotta</span> <span class='ocrx_word' id='word_1_27' title='bbox 1431 625 1599 666; x_wconf 88' lang='lat' dir='ltr'>genero</span> <span class='ocrx_word' id='word_1_28' title='bbox 1621 625 1685 653; x_wconf 93' lang='lat' dir='ltr'>un</span> <span class='ocrx_word' id='word_1_29' title='bbox 1708 610 1832 667; x_wconf 89' lang='lat' dir='ltr'>figlio</span> 
     </span>
     <span class='ocr_line' id='line_1_5' title="bbox 186 682 1830 745; baseline -0.003 -16"><span class='ocrx_word' id='word_1_30' title='bbox 186 685 342 745; x_wconf 41' lang='lat' dir='ltr'>polos</span> <span class='ocrx_word' id='word_1_31' title='bbox 379 685 483 728; x_wconf 88' lang='lat' dir='ltr'>Non</span> <span class='ocrx_word' id='word_1_32' title='bbox 525 684 650 727; x_wconf 88' lang='lat' dir='ltr'>enim</span> <span class='ocrx_word' id='word_1_33' title='bbox 692 682 879 739; x_wconf 84' lang='lat' dir='ltr'>Cyllene</span> <span class='ocrx_word' id='word_1_34' title='bbox 911 696 1096 725; x_wconf 85' lang='lat' dir='ltr'>monere</span> <span class='ocrx_word' id='word_1_35' title='bbox 1130 682 1242 735; x_wconf 87' lang='lat' dir='ltr'>vult,</span> <span class='ocrx_word' id='word_1_36' title='bbox 1275 697 1332 725; x_wconf 94' lang='lat' dir='ltr'>ne</span> <span class='ocrx_word' id='word_1_37' title='bbox 1364 682 1573 738; x_wconf 86' lang='lat' dir='ltr'>geminos</span> <span class='ocrx_word' id='word_1_38' title='bbox 1604 682 1830 739; x_wconf 83' lang='lat' dir='ltr'>peperisse</span> 
     </span>
     <span class='ocr_line' id='line_1_6' title="bbox 198 747 1833 812; baseline -0.002 -13"><span class='ocrx_word' id='word_1_39' title='bbox 198 747 376 799; x_wconf 71' lang='lat' dir='ltr'>⁷Maiam</span> <span class='ocrx_word' id='word_1_40' title='bbox 417 756 520 812; x_wconf 87' lang='lat' dir='ltr'>quis</span> <span class='ocrx_word' id='word_1_41' title='bbox 561 757 803 811; x_wconf 86' lang='lat' dir='ltr'>exspectet,</span> <span class='ocrx_word' id='word_1_42' title='bbox 847 752 925 796; x_wconf 88' lang='lat' dir='ltr'>sed</span> <span class='ocrx_word' id='word_1_43' title='bbox 968 753 1044 809; x_wconf 85' lang='lat' dir='ltr'>pia</span> <span class='ocrx_word' id='word_1_44' title='bbox 1075 753 1235 795; x_wconf 85' lang='lat' dir='ltr'>nutrix</span> <span class='ocrx_word' id='word_1_45' title='bbox 1266 752 1452 809; x_wconf 81' lang='lat' dir='ltr'><strong>Satyros</strong></span> <span class='ocrx_word' id='word_1_46' title='bbox 1483 753 1627 806; x_wconf 89' lang='lat' dir='ltr'>docet,</span> <span class='ocrx_word' id='word_1_47' title='bbox 1660 757 1833 809; x_wconf 86' lang='lat' dir='ltr'>quanta</span> 
     </span>
     <span class='ocr_line' id='line_1_7' title="bbox 201 823 1833 884; baseline -0.003 -14"><span class='ocrx_word' id='word_1_48' title='bbox 201 841 313 870; x_wconf 85' lang='lat' dir='ltr'>cura</span> <span class='ocrx_word' id='word_1_49' title='bbox 343 830 608 884; x_wconf 86' lang='lat' dir='ltr'>quantoque</span> <span class='ocrx_word' id='word_1_50' title='bbox 639 839 795 868; x_wconf 86' lang='lat' dir='ltr'>amore</span> <span class='ocrx_word' id='word_1_51' title='bbox 827 824 913 867; x_wconf 90' lang='lat' dir='ltr'>hoc</span> <span class='ocrx_word' id='word_1_52' title='bbox 944 824 1113 880; x_wconf 88' lang='lat' dir='ltr'>pignus</span> <span class='ocrx_word' id='word_1_53' title='bbox 1145 824 1432 867; x_wconf 84' lang='lat' dir='ltr'>carissimum</span> <span class='ocrx_word' id='word_1_54' title='bbox 1463 823 1549 866; x_wconf 87' lang='lat' dir='ltr'>sibi</span> <span class='ocrx_word' id='word_1_55' title='bbox 1581 823 1833 868; x_wconf 87' lang='lat' dir='ltr'>fovendum</span> 
     </span>
    </p>
   </div>
   <div class='ocr_carea' id='block_1_3' title="bbox 52 894 1833 1025">
    <p class='ocr_par' dir='ltr' id='par_1_3' title="bbox 52 894 1833 1025">
     <span class='ocr_line' id='line_1_8' title="bbox 52 894 1830 955; baseline -0.003 -12"><span class='ocrx_word' id='word_1_56' title='bbox 52 912 54 915; x_wconf 83' lang='lat'>·</span> <span class='ocrx_word' id='word_1_57' title='bbox 123 941 127 943; x_wconf 15' lang='grc' dir='ltr'><strong>Α</strong></span> <span class='ocrx_word' id='word_1_58' title='bbox 201 911 300 942; x_wconf 72' lang='lat' dir='ltr'>esse</span> <span class='ocrx_word' id='word_1_59' title='bbox 327 901 470 955; x_wconf 84' lang='lat' dir='ltr'>putet.</span> <span class='ocrx_word' id='word_1_60' title='bbox 494 896 656 952; x_wconf 80' lang='lat' dir='ltr'>Itaque</span> <span class='ocrx_word' id='word_1_61' title='bbox 678 894 925 939; x_wconf 88' lang='lat' dir='ltr'>verborum</span> <span class='ocrx_word' id='word_1_62' title='bbox 947 894 1153 937; x_wconf 82' lang='lat' dir='ltr'>ordinem</span> <span class='ocrx_word' id='word_1_63' title='bbox 1177 908 1364 939; x_wconf 84' lang='lat' dir='ltr'>servans</span> <span class='ocrx_word' id='word_1_64' title='bbox 1384 895 1449 938; x_wconf 87' lang='lat' dir='ltr'>sic</span> <span class='ocrx_word' id='word_1_65' title='bbox 1470 898 1646 938; x_wconf 87' lang='lat' dir='ltr'>vertere</span> <span class='ocrx_word' id='word_1_66' title='bbox 1667 894 1830 938; x_wconf 89' lang='lat' dir='ltr'>velim:</span> 
     </span>
     <span class='ocr_line' id='line_1_9' title="bbox 60 965 1833 1025; baseline -0.004 -12"><span class='ocrx_word' id='word_1_67' title='bbox 60 974 61 978; x_wconf 78' lang='grc'>’</span> <span class='ocrx_word' id='word_1_68' title='bbox 134 988 142 994; x_wconf 85' lang='lat'><strong>·</strong></span> <span class='ocrx_word' id='word_1_69' title='bbox 208 969 382 1023; x_wconf 86' lang='lat' dir='ltr'>„filium</span> <span class='ocrx_word' id='word_1_70' title='bbox 429 967 680 1025; x_wconf 86' lang='lat' dir='ltr'>generavit,</span> <span class='ocrx_word' id='word_1_71' title='bbox 728 980 866 1023; x_wconf 89' lang='lat' dir='ltr'>quem</span> <span class='ocrx_word' id='word_1_72' title='bbox 913 966 1086 1008; x_wconf 79' lang='lat' dir='ltr'>unicum</span> <span class='ocrx_word' id='word_1_73' title='bbox 1130 965 1253 1008; x_wconf 89' lang='lat' dir='ltr'>Maia</span> <span class='ocrx_word' id='word_1_74' title='bbox 1294 979 1419 1009; x_wconf 90' lang='lat' dir='ltr'>nunc</span> <span class='ocrx_word' id='word_1_75' title='bbox 1460 965 1642 1008; x_wconf 87' lang='lat' dir='ltr'>habet.’&#39;</span> <span class='ocrx_word' id='word_1_76' title='bbox 1686 965 1833 1007; x_wconf 76' lang='grc' dir='ltr'><strong><em>Μόνον</em></strong></span> 
     </span>
    </p>
   </div>
   <div class='ocr_carea' id='block_1_4' title="bbox 0 0 101 3750">
    <p class='ocr_par' dir='ltr' id='par_1_4' title="bbox 0 0 101 3750">
     <span class='ocr_line' id='line_1_10' title="bbox 0 0 101 3750; baseline 0 0"><span class='ocrx_word' id='word_1_77' title='bbox 0 0 101 3750; x_wconf 95' lang='lat' dir='ltr'> </span> 
     </span>
    </p>
   </div>
   <div class='ocr_carea' id='block_1_5' title="bbox 172 1035 1839 2446">
    <p class='ocr_par' dir='ltr' id='par_1_5' title="bbox 202 1035 1837 1592">
     <span class='ocr_line' id='line_1_11' title="bbox 204 1035 1832 1096; baseline -0.003 -12"><span class='ocrx_word' id='word_1_78' title='bbox 204 1040 344 1096; x_wconf 85' lang='lat' dir='ltr'>vulgo</span> <span class='ocrx_word' id='word_1_79' title='bbox 375 1054 470 1084; x_wconf 86' lang='lat' dir='ltr'>esse</span> <span class='ocrx_word' id='word_1_80' title='bbox 502 1040 679 1081; x_wconf 73' lang='lat' dir='ltr'>unicum</span> <span class='ocrx_word' id='word_1_81' title='bbox 711 1037 874 1090; x_wconf 87' lang='lat' dir='ltr'>filium,</span> <span class='ocrx_word' id='word_1_82' title='bbox 907 1037 985 1079; x_wconf 89' lang='lat' dir='ltr'>sed</span> <span class='ocrx_word' id='word_1_83' title='bbox 1018 1037 1087 1078; x_wconf 71' lang='grc' dir='ltr'>ἕνα</span> <span class='ocrx_word' id='word_1_84' title='bbox 1107 1051 1244 1079; x_wconf 75' lang='lat' dir='ltr'>unwm,</span> <span class='ocrx_word' id='word_1_85' title='bbox 1265 1035 1559 1092; x_wconf 83' lang='lat' dir='ltr'>Vollgraffius</span> <span class='ocrx_word' id='word_1_86' title='bbox 1580 1035 1832 1092; x_wconf 84' lang='lat' dir='ltr'>neglexisse</span> 
     </span>
     <span class='ocr_line' id='line_1_12' title="bbox 202 1105 1832 1162; baseline -0.004 -7"><span class='ocrx_word' id='word_1_87' title='bbox 202 1110 400 1156; x_wconf 73' lang='lat' dir='ltr'>videtur.</span> <span class='ocrx_word' id='word_1_88' title='bbox 434 1111 500 1154; x_wconf 85' lang='lat' dir='ltr'>Cf.</span> <span class='ocrx_word' id='word_1_89' title='bbox 534 1109 705 1152; x_wconf 82' lang='lat' dir='ltr'>Herod.</span> <span class='ocrx_word' id='word_1_90' title='bbox 738 1108 774 1151; x_wconf 92' lang='lat' dir='ltr'>I.</span> <span class='ocrx_word' id='word_1_91' title='bbox 809 1108 865 1150; x_wconf 87' lang='grc'>38</span> <span class='ocrx_word' id='word_1_92' title='bbox 897 1105 952 1148; x_wconf 69' lang='grc' dir='ltr'>εἷσ</span> <span class='ocrx_word' id='word_1_93' title='bbox 980 1107 1057 1161; x_wconf 77' lang='grc' dir='ltr'>γάρ</span> <span class='ocrx_word' id='word_1_94' title='bbox 1087 1124 1152 1160; x_wconf 88' lang='grc' dir='ltr'>μοι</span> <span class='ocrx_word' id='word_1_95' title='bbox 1183 1115 1333 1160; x_wconf 75' lang='grc' dir='ltr'>μοῦνοσ</span> <span class='ocrx_word' id='word_1_96' title='bbox 1370 1107 1580 1162; x_wconf 69' lang='grc' dir='ltr'><em>τυγχάνεισ</em></span> <span class='ocrx_word' id='word_1_97' title='bbox 1615 1108 1690 1150; x_wconf 68' lang='grc' dir='ltr'>ἐὼν</span> <span class='ocrx_word' id='word_1_98' title='bbox 1721 1116 1832 1149; x_wconf 85' lang='grc' dir='ltr'><strong><em>παῑσ.</em></strong></span> 
     </span>
     <span class='ocr_line' id='line_1_13' title="bbox 206 1178 1831 1238; baseline -0.004 -12"><span class='ocrx_word' id='word_1_99' title='bbox 206 1182 484 1238; x_wconf 85' lang='lat' dir='ltr'>Koettgenia</span> <span class='ocrx_word' id='word_1_100' title='bbox 524 1181 698 1224; x_wconf 78' lang='lat' dir='ltr'>confert</span> <span class='ocrx_word' id='word_1_101' title='bbox 741 1178 873 1223; x_wconf 88' lang='lat' dir='ltr'>Pind.</span> <span class='ocrx_word' id='word_1_102' title='bbox 917 1178 1002 1221; x_wconf 92' lang='lat' dir='ltr'>III.</span> <span class='ocrx_word' id='word_1_103' title='bbox 1037 1179 1145 1232; x_wconf 79' lang='lat'>1003</span> <span class='ocrx_word' id='word_1_104' title='bbox 1179 1178 1319 1222; x_wconf 89' lang='lat' dir='ltr'>Hom.</span> <span class='ocrx_word' id='word_1_105' title='bbox 1353 1178 1393 1221; x_wconf 90' lang='grc' dir='ltr'><em>Ξ</em></span> <span class='ocrx_word' id='word_1_106' title='bbox 1419 1179 1519 1222; x_wconf 85' lang='grc'>492.</span> <span class='ocrx_word' id='word_1_107' title='bbox 1553 1178 1658 1222; x_wconf 89' lang='lat' dir='ltr'>Vid.</span> <span class='ocrx_word' id='word_1_108' title='bbox 1692 1178 1831 1222; x_wconf 87' lang='lat' dir='ltr'>etiam</span> 
     </span>
     <span class='ocr_line' id='line_1_14' title="bbox 204 1248 1833 1305; baseline -0.004 -8"><span class='ocrx_word' id='word_1_109' title='bbox 204 1252 316 1297; x_wconf 83' lang='lat' dir='ltr'>Eur.</span> <span class='ocrx_word' id='word_1_110' title='bbox 361 1252 582 1295; x_wconf 87' lang='lat' dir='ltr'>Androm.</span> <span class='ocrx_word' id='word_1_111' title='bbox 627 1251 742 1294; x_wconf 84' lang='lat'>1083</span> <span class='ocrx_word' id='word_1_112' title='bbox 785 1258 883 1290; x_wconf 85' lang='grc' dir='ltr'><em>παῖσ</em></span> <span class='ocrx_word' id='word_1_113' title='bbox 924 1250 1049 1302; x_wconf 76' lang='grc' dir='ltr'>μόνου</span> <span class='ocrx_word' id='word_1_114' title='bbox 1081 1248 1227 1290; x_wconf 83' lang='grc' dir='ltr'><em>παιδὸσ</em></span> <span class='ocrx_word' id='word_1_115' title='bbox 1257 1249 1401 1301; x_wconf 56' lang='lat' dir='ltr'>,advntu</span> <span class='ocrx_word' id='word_1_116' title='bbox 1434 1249 1551 1292; x_wconf 91' lang='lat' dir='ltr'>Xen.</span> <span class='ocrx_word' id='word_1_117' title='bbox 1585 1249 1688 1305; x_wconf 85' lang='lat' dir='ltr'>Cyr.</span> <span class='ocrx_word' id='word_1_118' title='bbox 1720 1249 1833 1291; x_wconf 83' lang='lat' dir='ltr'>Inst.</span> 
     </span>
     <span class='ocr_line' id='line_1_15' title="bbox 205 1317 1835 1376; baseline -0.004 -7"><span class='ocrx_word' id='word_1_119' title='bbox 205 1324 288 1369; x_wconf 91' lang='lat' dir='ltr'>IV.</span> <span class='ocrx_word' id='word_1_120' title='bbox 321 1323 403 1369; x_wconf 91' lang='lat' dir='ltr'>VI.</span> <span class='ocrx_word' id='word_1_121' title='bbox 447 1323 473 1366; x_wconf 85' lang='lat'><strong>3</strong></span> <span class='ocrx_word' id='word_1_122' title='bbox 509 1324 555 1364; x_wconf 83' lang='grc' dir='ltr'>ὃσ</span> <span class='ocrx_word' id='word_1_123' title='bbox 583 1324 660 1376; x_wconf 77' lang='grc' dir='ltr'>γὰρ</span> <span class='ocrx_word' id='word_1_124' title='bbox 691 1317 740 1374; x_wconf 76' lang='grc' dir='ltr'>ἦν</span> <span class='ocrx_word' id='word_1_125' title='bbox 771 1337 836 1374; x_wconf 86' lang='grc' dir='ltr'>μοι</span> <span class='ocrx_word' id='word_1_126' title='bbox 868 1320 990 1371; x_wconf 63' lang='lat' dir='ltr'>„advoc</span> <span class='ocrx_word' id='word_1_127' title='bbox 1021 1322 1085 1361; x_wconf 84' lang='grc' dir='ltr'>καὶ</span> <span class='ocrx_word' id='word_1_128' title='bbox 1118 1318 1239 1361; x_wconf 82' lang='grc' dir='ltr'><strong><em>καλὸσ</em></strong></span> <span class='ocrx_word' id='word_1_129' title='bbox 1270 1322 1334 1362; x_wconf 80' lang='grc' dir='ltr'>καὶ</span> <span class='ocrx_word' id='word_1_130' title='bbox 1367 1321 1525 1371; x_wconf 71' lang='grc' dir='ltr'><em>ἂγαθὸσ</em></span> <span class='ocrx_word' id='word_1_131' title='bbox 1555 1318 1642 1361; x_wconf 83' lang='grc' dir='ltr'><em>κτλ.</em></span> <span class='ocrx_word' id='word_1_132' title='bbox 1691 1319 1835 1376; x_wconf 76' lang='lat' dir='ltr'>Cylle-</span> 
     </span>
     <span class='ocr_line' id='line_1_16' title="bbox 206 1390 1834 1449; baseline -0.004 -10"><span class='ocrx_word' id='word_1_133' title='bbox 206 1409 318 1439; x_wconf 80' lang='lat' dir='ltr'>nam</span> <span class='ocrx_word' id='word_1_134' title='bbox 359 1394 416 1438; x_wconf 89' lang='lat' dir='ltr'>de</span> <span class='ocrx_word' id='word_1_135' title='bbox 457 1393 594 1436; x_wconf 89' lang='lat' dir='ltr'>unico</span> <span class='ocrx_word' id='word_1_136' title='bbox 636 1392 756 1436; x_wconf 89' lang='lat' dir='ltr'>Iovis</span> <span class='ocrx_word' id='word_1_137' title='bbox 787 1392 910 1449; x_wconf 89' lang='lat' dir='ltr'>apud</span> <span class='ocrx_word' id='word_1_138' title='bbox 942 1390 1114 1434; x_wconf 88' lang='lat' dir='ltr'>Maiam</span> <span class='ocrx_word' id='word_1_139' title='bbox 1147 1391 1241 1434; x_wconf 92' lang='lat' dir='ltr'>filio</span> <span class='ocrx_word' id='word_1_140' title='bbox 1273 1395 1537 1434; x_wconf 84' lang='lat' dir='ltr'>narrantem</span> <span class='ocrx_word' id='word_1_141' title='bbox 1569 1391 1681 1434; x_wconf 87' lang='lat' dir='ltr'>alios</span> <span class='ocrx_word' id='word_1_142' title='bbox 1711 1390 1834 1446; x_wconf 91' lang='lat' dir='ltr'>apud</span> 
     </span>
     <span class='ocr_line' id='line_1_17' title="bbox 203 1459 1837 1520; baseline -0.004 -10"><span class='ocrx_word' id='word_1_143' title='bbox 203 1466 318 1510; x_wconf 81' lang='lat' dir='ltr'>alias</span> <span class='ocrx_word' id='word_1_144' title='bbox 361 1465 485 1510; x_wconf 88' lang='lat' dir='ltr'>Iovis</span> <span class='ocrx_word' id='word_1_145' title='bbox 524 1465 653 1518; x_wconf 86' lang='lat' dir='ltr'>filios,</span> <span class='ocrx_word' id='word_1_146' title='bbox 697 1463 777 1520; x_wconf 90' lang='lat' dir='ltr'>qui</span> <span class='ocrx_word' id='word_1_147' title='bbox 819 1462 862 1506; x_wconf 92' lang='lat' dir='ltr'>ei</span> <span class='ocrx_word' id='word_1_148' title='bbox 903 1477 996 1505; x_wconf 91' lang='lat' dir='ltr'>non</span> <span class='ocrx_word' id='word_1_149' title='bbox 1043 1466 1174 1505; x_wconf 89' lang='lat' dir='ltr'>erant</span> <span class='ocrx_word' id='word_1_150' title='bbox 1205 1462 1329 1505; x_wconf 87' lang='lat' dir='ltr'>cordi</span> <span class='ocrx_word' id='word_1_151' title='bbox 1361 1475 1564 1519; x_wconf 86' lang='lat' dir='ltr'>quosque</span> <span class='ocrx_word' id='word_1_152' title='bbox 1595 1459 1837 1518; x_wconf 75' lang='lat' dir='ltr'>ignorabat</span> 
     </span>
     <span class='ocr_line' id='line_1_18' title="bbox 205 1533 1445 1592; baseline -0.004 -10"><span class='ocrx_word' id='word_1_153' title='bbox 205 1536 406 1592; x_wconf 81' lang='lat' dir='ltr'>fortasse,</span> <span class='ocrx_word' id='word_1_154' title='bbox 438 1536 629 1580; x_wconf 88' lang='lat' dir='ltr'>oblitam</span> <span class='ocrx_word' id='word_1_155' title='bbox 661 1549 755 1578; x_wconf 88' lang='lat' dir='ltr'>esse</span> <span class='ocrx_word' id='word_1_156' title='bbox 787 1548 861 1577; x_wconf 91' lang='lat' dir='ltr'>me</span> <span class='ocrx_word' id='word_1_157' title='bbox 894 1533 1082 1590; x_wconf 88' lang='lat' dir='ltr'>quidem</span> <span class='ocrx_word' id='word_1_158' title='bbox 1114 1547 1208 1576; x_wconf 89' lang='lat' dir='ltr'>non</span> <span class='ocrx_word' id='word_1_159' title='bbox 1240 1533 1445 1577; x_wconf 86' lang='lat' dir='ltr'>offendit.</span> 
     </span>
    </p>

    <p class='ocr_par' dir='ltr' id='par_1_6' title="bbox 172 1602 1839 2446">
     <span class='ocr_line' id='line_1_19' title="bbox 267 1602 1835 1663; baseline -0.004 -11"><span class='ocrx_word' id='word_1_160' title='bbox 267 1609 340 1652; x_wconf 86' lang='lat' dir='ltr'>Ex</span> <span class='ocrx_word' id='word_1_161' title='bbox 381 1607 609 1660; x_wconf 89' lang='lat' dir='ltr'>omnibus,</span> <span class='ocrx_word' id='word_1_162' title='bbox 653 1619 771 1663; x_wconf 85' lang='lat' dir='ltr'>quae</span> <span class='ocrx_word' id='word_1_163' title='bbox 812 1604 888 1647; x_wconf 90' lang='lat' dir='ltr'>hic</span> <span class='ocrx_word' id='word_1_164' title='bbox 919 1607 1057 1660; x_wconf 89' lang='lat' dir='ltr'>atque</span> <span class='ocrx_word' id='word_1_165' title='bbox 1088 1603 1199 1646; x_wconf 85' lang='lat' dir='ltr'>alibi</span> <span class='ocrx_word' id='word_1_166' title='bbox 1229 1603 1458 1659; x_wconf 85' lang='lat' dir='ltr'>leguntur,</span> <span class='ocrx_word' id='word_1_167' title='bbox 1492 1607 1683 1660; x_wconf 84' lang='lat' dir='ltr'>apparet</span> <span class='ocrx_word' id='word_1_168' title='bbox 1712 1602 1835 1659; x_wconf 89' lang='lat' dir='ltr'>apud</span> 
     </span>
     <span class='ocr_line' id='line_1_20' title="bbox 203 1674 1838 1737; baseline -0.004 -13"><span class='ocrx_word' id='word_1_169' title='bbox 203 1679 481 1737; x_wconf 66' lang='lat' dir='ltr'>&#39;Sophoclem</span> <span class='ocrx_word' id='word_1_170' title='bbox 524 1692 619 1721; x_wconf 91' lang='lat' dir='ltr'>non</span> <span class='ocrx_word' id='word_1_171' title='bbox 656 1677 806 1720; x_wconf 88' lang='lat' dir='ltr'>solum</span> <span class='ocrx_word' id='word_1_172' title='bbox 842 1675 1139 1728; x_wconf 84' lang='lat' dir='ltr'>Mercurium,</span> <span class='ocrx_word' id='word_1_173' title='bbox 1172 1674 1249 1717; x_wconf 90' lang='lat' dir='ltr'>sed</span> <span class='ocrx_word' id='word_1_174' title='bbox 1281 1674 1420 1719; x_wconf 86' lang='lat' dir='ltr'>boves</span> <span class='ocrx_word' id='word_1_175' title='bbox 1450 1674 1590 1717; x_wconf 82' lang='lat' dir='ltr'>etiam</span> <span class='ocrx_word' id='word_1_176' title='bbox 1620 1674 1671 1717; x_wconf 91' lang='lat' dir='ltr'>in</span> <span class='ocrx_word' id='word_1_177' title='bbox 1700 1678 1838 1717; x_wconf 73' lang='lat' dir='ltr'>monte</span> 
     </span>
     <span class='ocr_line' id='line_1_21' title="bbox 208 1745 1837 1808; baseline -0.004 -14"><span class='ocrx_word' id='word_1_178' title='bbox 208 1751 400 1808; x_wconf 77' lang='lat' dir='ltr'>Cyllena,</span> <span class='ocrx_word' id='word_1_179' title='bbox 451 1749 532 1792; x_wconf 91' lang='lat' dir='ltr'>ubi</span> <span class='ocrx_word' id='word_1_180' title='bbox 579 1752 647 1792; x_wconf 87' lang='lat' dir='ltr'>est</span> <span class='ocrx_word' id='word_1_181' title='bbox 691 1747 841 1790; x_wconf 87' lang='lat' dir='ltr'>Maiae</span> <span class='ocrx_word' id='word_1_182' title='bbox 887 1746 1118 1802; x_wconf 85' lang='lat' dir='ltr'>spelunca,</span> <span class='ocrx_word' id='word_1_183' title='bbox 1166 1745 1377 1801; x_wconf 88' lang='lat' dir='ltr'>reperiri:</span> <span class='ocrx_word' id='word_1_184' title='bbox 1425 1745 1629 1801; x_wconf 84' lang='lat' dir='ltr'>hymnus</span> <span class='ocrx_word' id='word_1_185' title='bbox 1679 1748 1837 1788; x_wconf 86' lang='lat' dir='ltr'>contra</span> 
     </span>
     <span class='ocr_line' id='line_1_22' title="bbox 204 1816 1836 1874; baseline -0.004 -9"><span class='ocrx_word' id='word_1_186' title='bbox 204 1820 338 1865; x_wconf 82' lang='lat' dir='ltr'>nobis</span> <span class='ocrx_word' id='word_1_187' title='bbox 378 1824 535 1864; x_wconf 80' lang='lat' dir='ltr'>narrat</span> <span class='ocrx_word' id='word_1_188' title='bbox 574 1819 715 1863; x_wconf 92' lang='lat' dir='ltr'>boum</span> <span class='ocrx_word' id='word_1_189' title='bbox 756 1831 943 1874; x_wconf 77' lang='lat' dir='ltr'>gregem</span> <span class='ocrx_word' id='word_1_190' title='bbox 975 1831 1003 1859; x_wconf 86' lang='lat' dir='ltr'>a</span> <span class='ocrx_word' id='word_1_191' title='bbox 1033 1816 1260 1859; x_wconf 83' lang='lat' dir='ltr'>Mercurio</span> <span class='ocrx_word' id='word_1_192' title='bbox 1291 1816 1402 1871; x_wconf 62' lang='lat' dir='ltr'>Pylvz</span> <span class='ocrx_word' id='word_1_193' title='bbox 1432 1816 1710 1860; x_wconf 85' lang='lat' dir='ltr'>occultatum</span> <span class='ocrx_word' id='word_1_194' title='bbox 1742 1830 1836 1859; x_wconf 87' lang='lat' dir='ltr'>esse</span> 
     </span>
     <span class='ocr_line' id='line_1_23' title="bbox 207 1887 1835 1949; baseline -0.004 -13"><span class='ocrx_word' id='word_1_195' title='bbox 207 1891 401 1949; x_wconf 89' lang='lat' dir='ltr'>(Hymn.</span> <span class='ocrx_word' id='word_1_196' title='bbox 449 1891 549 1945; x_wconf 88' lang='grc'>101,</span> <span class='ocrx_word' id='word_1_197' title='bbox 598 1891 696 1943; x_wconf 85' lang='grc'><strong>342,</strong></span> <span class='ocrx_word' id='word_1_198' title='bbox 745 1889 862 1944; x_wconf 86' lang='grc'>355).</span> <span class='ocrx_word' id='word_1_199' title='bbox 908 1888 1034 1939; x_wconf 77' lang='lat' dir='ltr'>Quae</span> <span class='ocrx_word' id='word_1_200' title='bbox 1066 1887 1204 1930; x_wconf 91' lang='lat' dir='ltr'>huius</span> <span class='ocrx_word' id='word_1_201' title='bbox 1236 1887 1566 1944; x_wconf 84' lang='lat' dir='ltr'>discrepantiae</span> <span class='ocrx_word' id='word_1_202' title='bbox 1598 1887 1657 1930; x_wconf 90' lang='lat' dir='ltr'>sit</span> <span class='ocrx_word' id='word_1_203' title='bbox 1687 1901 1835 1941; x_wconf 87' lang='lat' dir='ltr'>causa,</span> 
     </span>
     <span class='ocr_line' id='line_1_24' title="bbox 207 1957 1838 2019; baseline -0.004 -13"><span class='ocrx_word' id='word_1_204' title='bbox 207 1977 302 2009; x_wconf 88' lang='lat' dir='ltr'>non</span> <span class='ocrx_word' id='word_1_205' title='bbox 341 1962 477 2018; x_wconf 87' lang='lat' dir='ltr'>longe</span> <span class='ocrx_word' id='word_1_206' title='bbox 509 1959 825 2019; x_wconf 89' lang='lat' dir='ltr'>quaerendum</span> <span class='ocrx_word' id='word_1_207' title='bbox 857 1963 936 2012; x_wconf 88' lang='lat' dir='ltr'>est,</span> <span class='ocrx_word' id='word_1_208' title='bbox 969 1972 1078 2001; x_wconf 90' lang='lat' dir='ltr'>nam</span> <span class='ocrx_word' id='word_1_209' title='bbox 1110 1957 1323 2014; x_wconf 83' lang='lat' dir='ltr'>Sophocli</span> <span class='ocrx_word' id='word_1_210' title='bbox 1356 1957 1612 2001; x_wconf 90' lang='lat' dir='ltr'>curandum</span> <span class='ocrx_word' id='word_1_211' title='bbox 1644 1961 1754 2011; x_wconf 77' lang='lat' dir='ltr'>erat,</span> <span class='ocrx_word' id='word_1_212' title='bbox 1786 1961 1838 2000; x_wconf 88' lang='lat' dir='ltr'>ut</span> 
     </span>
     <span class='ocr_line' id='line_1_25' title="bbox 208 2028 1837 2088; baseline -0.004 -11"><span class='ocrx_word' id='word_1_213' title='bbox 208 2037 374 2078; x_wconf 86' lang='lat' dir='ltr'>cuncta</span> <span class='ocrx_word' id='word_1_214' title='bbox 417 2046 511 2076; x_wconf 91' lang='lat' dir='ltr'>uno</span> <span class='ocrx_word' id='word_1_215' title='bbox 556 2032 808 2088; x_wconf 86' lang='lat' dir='ltr'>eodemque</span> <span class='ocrx_word' id='word_1_216' title='bbox 855 2030 954 2074; x_wconf 92' lang='lat' dir='ltr'>loco</span> <span class='ocrx_word' id='word_1_217' title='bbox 996 2032 1253 2086; x_wconf 83' lang='lat' dir='ltr'>agerentur.</span> <span class='ocrx_word' id='word_1_218' title='bbox 1287 2028 1406 2085; x_wconf 90' lang='lat' dir='ltr'>Apte</span> <span class='ocrx_word' id='word_1_219' title='bbox 1437 2028 1580 2085; x_wconf 89' lang='lat' dir='ltr'>igitur</span> <span class='ocrx_word' id='word_1_220' title='bbox 1610 2028 1837 2072; x_wconf 86' lang='lat' dir='ltr'>Robertus</span> 
     </span>
     <span class='ocr_line' id='line_1_26' title="bbox 172 2099 1838 2161; baseline -0.004 -13"><span class='ocrx_word' id='word_1_221' title='bbox 172 2120 175 2121; x_wconf 48' lang='lat'><em>⁷</em></span> <span class='ocrx_word' id='word_1_222' title='bbox 207 2104 285 2149; x_wconf 91' lang='lat' dir='ltr'>hic</span> <span class='ocrx_word' id='word_1_223' title='bbox 310 2107 551 2161; x_wconf 85' lang='lat' dir='ltr'>comparat</span> <span class='ocrx_word' id='word_1_224' title='bbox 583 2117 798 2147; x_wconf 86' lang='lat' dir='ltr'>vasorum</span> <span class='ocrx_word' id='word_1_225' title='bbox 827 2102 1041 2158; x_wconf 87' lang='lat' dir='ltr'>picturas,</span> <span class='ocrx_word' id='word_1_226' title='bbox 1069 2100 1149 2143; x_wconf 88' lang='lat' dir='ltr'>ubi</span> <span class='ocrx_word' id='word_1_227' title='bbox 1180 2100 1311 2143; x_wconf 83' lang='lat' dir='ltr'>iuxta</span> <span class='ocrx_word' id='word_1_228' title='bbox 1332 2099 1614 2143; x_wconf 88' lang='lat' dir='ltr'>Mercurium</span> <span class='ocrx_word' id='word_1_229' title='bbox 1635 2100 1684 2142; x_wconf 89' lang='lat' dir='ltr'>in</span> <span class='ocrx_word' id='word_1_230' title='bbox 1709 2100 1838 2143; x_wconf 88' lang='lat' dir='ltr'>cunis</span> 
     </span>
     <span class='ocr_line' id='line_1_27' title="bbox 207 2170 1835 2226; baseline -0.004 -6"><span class='ocrx_word' id='word_1_231' title='bbox 207 2176 435 2220; x_wconf 85' lang='lat' dir='ltr'>iacentem</span> <span class='ocrx_word' id='word_1_232' title='bbox 480 2175 646 2220; x_wconf 86' lang='lat' dir='ltr'>bovem</span> <span class='ocrx_word' id='word_1_233' title='bbox 693 2174 767 2219; x_wconf 89' lang='lat' dir='ltr'>vel</span> <span class='ocrx_word' id='word_1_234' title='bbox 807 2173 946 2217; x_wconf 88' lang='lat' dir='ltr'>boves</span> <span class='ocrx_word' id='word_1_235' title='bbox 988 2172 1239 2215; x_wconf 87' lang='lat' dir='ltr'>delineatos</span> <span class='ocrx_word' id='word_1_236' title='bbox 1280 2171 1504 2226; x_wconf 83' lang='lat' dir='ltr'>videmus.</span> <span class='ocrx_word' id='word_1_237' title='bbox 1539 2171 1604 2214; x_wconf 84' lang='lat' dir='ltr'>Cf.</span> <span class='ocrx_word' id='word_1_238' title='bbox 1638 2170 1760 2215; x_wconf 93' lang='lat' dir='ltr'>Mon.</span> <span class='ocrx_word' id='word_1_239' title='bbox 1793 2171 1835 2214; x_wconf 91' lang='lat' dir='ltr'>d.</span> 
     </span>
     <span class='ocr_line' id='line_1_28' title="bbox 209 2241 1838 2301; baseline -0.004 -10"><span class='ocrx_word' id='word_1_240' title='bbox 209 2247 321 2291; x_wconf 86' lang='lat' dir='ltr'>Inst.</span> <span class='ocrx_word' id='word_1_241' title='bbox 353 2246 400 2290; x_wconf 90' lang='lat' dir='ltr'>II</span> <span class='ocrx_word' id='word_1_242' title='bbox 430 2250 522 2291; x_wconf 88' lang='lat' dir='ltr'>tav.</span> <span class='ocrx_word' id='word_1_243' title='bbox 557 2247 635 2301; x_wconf 87' lang='lat'>15;</span> <span class='ocrx_word' id='word_1_244' title='bbox 670 2243 881 2288; x_wconf 88' lang='lat' dir='ltr'>Archeol.</span> <span class='ocrx_word' id='word_1_245' title='bbox 915 2243 1126 2298; x_wconf 87' lang='lat' dir='ltr'>Zeitung.</span> <span class='ocrx_word' id='word_1_246' title='bbox 1161 2242 1276 2285; x_wconf 84' lang='lat'>1844</span> <span class='ocrx_word' id='word_1_247' title='bbox 1306 2242 1404 2284; x_wconf 85' lang='lat' dir='ltr'>Taf.</span> <span class='ocrx_word' id='word_1_248' title='bbox 1437 2242 1642 2295; x_wconf 84' lang='lat' dir='ltr'>20;·van</span> <span class='ocrx_word' id='word_1_249' title='bbox 1663 2241 1838 2297; x_wconf 82' lang='lat' dir='ltr'>Hoorn,</span> 
     </span>
     <span class='ocr_line' id='line_1_29' title="bbox 210 2313 1839 2371; baseline -0.004 -10"><span class='ocrx_word' id='word_1_250' title='bbox 210 2318 327 2362; x_wconf 86' lang='lat' dir='ltr'>Diss.</span> <span class='ocrx_word' id='word_1_251' title='bbox 361 2316 637 2361; x_wconf 87' lang='lat' dir='ltr'>Amstelod.:</span> <span class='ocrx_word' id='word_1_252' title='bbox 676 2316 770 2370; x_wconf 92' lang='lat' dir='ltr'>„De</span> <span class='ocrx_word' id='word_1_253' title='bbox 801 2315 898 2360; x_wconf 89' lang='lat' dir='ltr'>vita</span> <span class='ocrx_word' id='word_1_254' title='bbox 928 2318 1066 2371; x_wconf 89' lang='lat' dir='ltr'>atque</span> <span class='ocrx_word' id='word_1_255' title='bbox 1098 2314 1225 2357; x_wconf 90' lang='lat' dir='ltr'>cultu</span> <span class='ocrx_word' id='word_1_256' title='bbox 1257 2327 1504 2370; x_wconf 87' lang='lat' dir='ltr'>puerorum</span> <span class='ocrx_word' id='word_1_257' title='bbox 1526 2313 1839 2356; x_wconf 88' lang='lat' dir='ltr'>monumentis</span> 
     </span>
     <span class='ocr_line' id='line_1_30' title="bbox 211 2384 1156 2446; baseline -0.005 -14"><span class='ocrx_word' id='word_1_258' title='bbox 211 2388 413 2446; x_wconf 81' lang='lat' dir='ltr'>antiquis</span> <span class='ocrx_word' id='word_1_259' title='bbox 446 2387 748 2445; x_wconf 83' lang='lat' dir='ltr'>explanato.&#39;&#39;‚</span> <span class='ocrx_word' id='word_1_260' title='bbox 782 2400 884 2443; x_wconf 86' lang='lat' dir='ltr'>pag.</span> <span class='ocrx_word' id='word_1_261' title='bbox 918 2386 957 2439; x_wconf 89' lang='lat'>6,</span> <span class='ocrx_word' id='word_1_262' title='bbox 992 2384 1082 2429; x_wconf 83' lang='lat' dir='ltr'>tab.</span> <span class='ocrx_word' id='word_1_263' title='bbox 1116 2385 1156 2428; x_wconf 88' lang='lat'>3.</span> 
     </span>
    </p>
   </div>
   <div class='ocr_carea' id='block_1_6' title="bbox 211 2525 1840 2799">
    <p class='ocr_par' dir='ltr' id='par_1_7' title="bbox 211 2525 1840 2799">
     <span class='ocr_line' id='line_1_31' title="bbox 270 2525 1839 2585; baseline -0.006 -9"><span class='ocrx_word' id='word_1_264' title='bbox 270 2530 374 2576; x_wconf 78' lang='lat'>²67.</span> <span class='ocrx_word' id='word_1_265' title='bbox 426 2531 583 2574; x_wconf 87' lang='lat' dir='ltr'>Partes</span> <span class='ocrx_word' id='word_1_266' title='bbox 634 2530 760 2573; x_wconf 88' lang='lat' dir='ltr'>haud</span> <span class='ocrx_word' id='word_1_267' title='bbox 808 2529 1015 2585; x_wconf 87' lang='lat' dir='ltr'>exiguae,</span> <span class='ocrx_word' id='word_1_268' title='bbox 1064 2542 1176 2585; x_wconf 88' lang='lat' dir='ltr'>quas</span> <span class='ocrx_word' id='word_1_269' title='bbox 1223 2527 1378 2579; x_wconf 79' lang='lat' dir='ltr'>Maiae,</span> <span class='ocrx_word' id='word_1_270' title='bbox 1425 2525 1642 2569; x_wconf 89' lang='lat' dir='ltr'>Mercurii</span> <span class='ocrx_word' id='word_1_271' title='bbox 1689 2525 1839 2579; x_wconf 88' lang='lat' dir='ltr'>matri,</span> 
     </span>
     <span class='ocr_line' id='line_1_32' title="bbox 211 2596 1840 2659; baseline -0.004 -14"><span class='ocrx_word' id='word_1_272' title='bbox 211 2602 363 2659; x_wconf 82' lang='lat' dir='ltr'>potius</span> <span class='ocrx_word' id='word_1_273' title='bbox 413 2600 731 2644; x_wconf 86' lang='lat' dir='ltr'>attribuendas</span> <span class='ocrx_word' id='word_1_274' title='bbox 782 2600 919 2643; x_wconf 88' lang='lat' dir='ltr'>fuisse</span> <span class='ocrx_word' id='word_1_275' title='bbox 972 2598 1136 2655; x_wconf 90' lang='lat' dir='ltr'>hymni</span> <span class='ocrx_word' id='word_1_276' title='bbox 1184 2597 1420 2640; x_wconf 88' lang='lat' dir='ltr'>Homerici</span> <span class='ocrx_word' id='word_1_277' title='bbox 1468 2596 1608 2639; x_wconf 87' lang='lat' dir='ltr'>lector</span> <span class='ocrx_word' id='word_1_278' title='bbox 1653 2597 1840 2639; x_wconf 82' lang='lat' dir='ltr'>fortasse</span> 
     </span>
     <span class='ocr_line' id='line_1_33' title="bbox 211 2667 1840 2727; baseline -0.004 -11"><span class='ocrx_word' id='word_1_279' title='bbox 211 2672 446 2716; x_wconf 81' lang='lat' dir='ltr'>existimet</span> <span class='ocrx_word' id='word_1_280' title='bbox 461 2672 509 2727; x_wconf 86' lang='lat'>2),</span> <span class='ocrx_word' id='word_1_281' title='bbox 551 2671 601 2714; x_wconf 91' lang='grc'>111</span> <span class='ocrx_word' id='word_1_282' title='bbox 642 2670 798 2714; x_wconf 88' lang='lat' dir='ltr'>fabula</span> <span class='ocrx_word' id='word_1_283' title='bbox 841 2670 1091 2727; x_wconf 86' lang='lat' dir='ltr'>Sophoclea</span> <span class='ocrx_word' id='word_1_284' title='bbox 1121 2684 1148 2712; x_wconf 88' lang='lat' dir='ltr'>a</span> <span class='ocrx_word' id='word_1_285' title='bbox 1179 2668 1386 2725; x_wconf 84' lang='lat' dir='ltr'>nympha</span> <span class='ocrx_word' id='word_1_286' title='bbox 1420 2667 1597 2724; x_wconf 65' lang='lat' dir='ltr'>Cyllenen</span> <span class='ocrx_word' id='word_1_287' title='bbox 1626 2671 1840 2723; x_wconf 86' lang='lat' dir='ltr'>aguntur,</span> 
     </span>
     <span class='ocr_line' id='line_1_34' title="bbox 214 2738 1840 2799; baseline -0.004 -13"><span class='ocrx_word' id='word_1_288' title='bbox 214 2743 342 2787; x_wconf 87' lang='lat' dir='ltr'>cuius</span> <span class='ocrx_word' id='word_1_289' title='bbox 388 2743 454 2786; x_wconf 88' lang='lat' dir='ltr'>rei</span> <span class='ocrx_word' id='word_1_290' title='bbox 500 2743 597 2799; x_wconf 88' lang='lat' dir='ltr'>ipse</span> <span class='ocrx_word' id='word_1_291' title='bbox 644 2741 889 2799; x_wconf 81' lang='lat' dir='ltr'>Sophocles</span> <span class='ocrx_word' id='word_1_292' title='bbox 935 2740 1136 2797; x_wconf 88' lang='lat' dir='ltr'>lepidam</span> <span class='ocrx_word' id='word_1_293' title='bbox 1183 2753 1290 2782; x_wconf 85' lang='lat' dir='ltr'>sane</span> <span class='ocrx_word' id='word_1_294' title='bbox 1337 2742 1382 2781; x_wconf 92' lang='lat' dir='ltr'>et</span> <span class='ocrx_word' id='word_1_295' title='bbox 1423 2738 1542 2782; x_wconf 88' lang='lat' dir='ltr'>laeto</span> <span class='ocrx_word' id='word_1_296' title='bbox 1583 2741 1840 2794; x_wconf 85' lang='lat' dir='ltr'>satyrorum</span> 
     </span>
    </p>
   </div>
   <div class='ocr_carea' id='block_1_7' title="bbox 312 2829 427 2834">
    <p class='ocr_par' dir='ltr' id='par_1_8' title="bbox 312 2829 427 2834">
     <span class='ocr_line' id='line_1_35' title="bbox 312 2829 427 2834; baseline 0 0"><span class='ocrx_word' id='word_1_297' title='bbox 312 2829 427 2834; x_wconf 95' lang='lat' dir='ltr'> </span> 
     </span>
    </p>
   </div>
   <div class='ocr_carea' id='block_1_8' title="bbox 214 2866 1842 3156">
    <p class='ocr_par' dir='ltr' id='par_1_9' title="bbox 214 2866 1841 2979">
     <span class='ocr_line' id='line_1_36' title="bbox 266 2866 1841 2919; baseline -0.004 -11"><span class='ocrx_word' id='word_1_298' title='bbox 266 2872 302 2919; x_wconf 85' lang='lat'>¹)</span> <span class='ocrx_word' id='word_1_299' title='bbox 327 2872 466 2908; x_wconf 86' lang='lat' dir='ltr'>Mnem.</span> <span class='ocrx_word' id='word_1_300' title='bbox 491 2871 596 2917; x_wconf 81' lang='lat'><strong>1914,</strong></span> <span class='ocrx_word' id='word_1_301' title='bbox 623 2882 708 2919; x_wconf 80' lang='lat' dir='ltr'>pag.</span> <span class='ocrx_word' id='word_1_302' title='bbox 733 2870 823 2906; x_wconf 87' lang='lat'>171:</span> <span class='ocrx_word' id='word_1_303' title='bbox 850 2869 947 2917; x_wconf 88' lang='lat' dir='ltr'>„Sed</span> <span class='ocrx_word' id='word_1_304' title='bbox 973 2870 1043 2905; x_wconf 90' lang='lat' dir='ltr'>hoc</span> <span class='ocrx_word' id='word_1_305' title='bbox 1069 2879 1189 2916; x_wconf 86' lang='lat' dir='ltr'>paene</span> <span class='ocrx_word' id='word_1_306' title='bbox 1215 2867 1421 2903; x_wconf 89' lang='lat' dir='ltr'>ridiculum</span> <span class='ocrx_word' id='word_1_307' title='bbox 1450 2870 1527 2903; x_wconf 86' lang='lat' dir='ltr'>est:</span> <span class='ocrx_word' id='word_1_308' title='bbox 1552 2867 1726 2913; x_wconf 86' lang='lat' dir='ltr'>geminos</span> <span class='ocrx_word' id='word_1_309' title='bbox 1738 2866 1841 2902; x_wconf 88' lang='lat' dir='ltr'>enim</span> 
     </span>
     <span class='ocr_line' id='line_1_37' title="bbox 214 2930 957 2979; baseline -0.004 -12"><span class='ocrx_word' id='word_1_310' title='bbox 214 2932 404 2979; x_wconf 85' lang='lat' dir='ltr'>peperisse</span> <span class='ocrx_word' id='word_1_311' title='bbox 430 2931 574 2966; x_wconf 83' lang='lat' dir='ltr'>Maiam</span> <span class='ocrx_word' id='word_1_312' title='bbox 600 2930 686 2977; x_wconf 87' lang='lat' dir='ltr'>quis</span> <span class='ocrx_word' id='word_1_313' title='bbox 711 2933 909 2977; x_wconf 82' lang='lat' dir='ltr'>exspectat</span> <span class='ocrx_word' id='word_1_314' title='bbox 919 2930 957 2964; x_wconf 81' lang='lat'>?’&#39;</span> 
     </span>
    </p>

    <p class='ocr_par' dir='ltr' id='par_1_10' title="bbox 215 2985 1842 3156">
     <span class='ocr_line' id='line_1_38' title="bbox 265 2985 1836 3038; baseline -0.004 -12"><span class='ocrx_word' id='word_1_315' title='bbox 265 2991 299 3038; x_wconf 81' lang='lat'>²)</span> <span class='ocrx_word' id='word_1_316' title='bbox 337 2990 455 3031; x_wconf 85' lang='lat' dir='ltr'>Idem,</span> <span class='ocrx_word' id='word_1_317' title='bbox 492 2989 567 3034; x_wconf 81' lang='lat' dir='ltr'>nisi</span> <span class='ocrx_word' id='word_1_318' title='bbox 603 2989 728 3034; x_wconf 83' lang='lat' dir='ltr'>fallor,</span> <span class='ocrx_word' id='word_1_319' title='bbox 759 2989 884 3025; x_wconf 83' lang='lat' dir='ltr'>dicere</span> <span class='ocrx_word' id='word_1_320' title='bbox 910 2988 1032 3024; x_wconf 87' lang='lat' dir='ltr'>voluit</span> <span class='ocrx_word' id='word_1_321' title='bbox 1057 2987 1248 3022; x_wconf 85' lang='lat' dir='ltr'>Robertus</span> <span class='ocrx_word' id='word_1_322' title='bbox 1274 2985 1400 3020; x_wconf 81' lang='lat' dir='ltr'>minus</span> <span class='ocrx_word' id='word_1_323' title='bbox 1425 2988 1603 3020; x_wconf 81' lang='lat' dir='ltr'>accurate</span> <span class='ocrx_word' id='word_1_324' title='bbox 1629 2986 1836 3020; x_wconf 82' lang='lat' dir='ltr'>annotans:</span> 
     </span>
     <span class='ocr_line' id='line_1_39' title="bbox 215 3043 1842 3095; baseline -0.006 -9"><span class='ocrx_word' id='word_1_325' title='bbox 215 3050 308 3095; x_wconf 85' lang='lat' dir='ltr'>„Die</span> <span class='ocrx_word' id='word_1_326' title='bbox 333 3050 452 3094; x_wconf 89' lang='lat' dir='ltr'>Rolle‚</span> <span class='ocrx_word' id='word_1_327' title='bbox 478 3049 539 3084; x_wconf 87' lang='lat' dir='ltr'>die</span> <span class='ocrx_word' id='word_1_328' title='bbox 565 3049 606 3084; x_wconf 89' lang='lat' dir='ltr'>in</span> <span class='ocrx_word' id='word_1_329' title='bbox 631 3049 716 3084; x_wconf 87' lang='lat' dir='ltr'>dem</span> <span class='ocrx_word' id='word_1_330' title='bbox 743 3048 914 3095; x_wconf 87' lang='lat' dir='ltr'>Hymnos</span> <span class='ocrx_word' id='word_1_331' title='bbox 941 3047 1041 3082; x_wconf 83' lang='lat' dir='ltr'>Maia</span> <span class='ocrx_word' id='word_1_332' title='bbox 1069 3047 1149 3090; x_wconf 85' lang='lat' dir='ltr'>hat,</span> <span class='ocrx_word' id='word_1_333' title='bbox 1173 3045 1257 3091; x_wconf 86' lang='lat' dir='ltr'>gibt</span> <span class='ocrx_word' id='word_1_334' title='bbox 1276 3044 1483 3091; x_wconf 81' lang='lat' dir='ltr'>Sophokles</span> <span class='ocrx_word' id='word_1_335' title='bbox 1501 3043 1568 3078; x_wconf 89' lang='lat' dir='ltr'>der</span> <span class='ocrx_word' id='word_1_336' title='bbox 1585 3043 1842 3090; x_wconf 86' lang='lat' dir='ltr'>Ortsnymphe</span> 
     </span>
     <span class='ocr_line' id='line_1_40' title="bbox 219 3109 416 3156; baseline 0 -12"><span class='ocrx_word' id='word_1_337' title='bbox 219 3109 416 3156; x_wconf 80' lang='lat' dir='ltr'>Kyllene.’&#39;</span> 
     </span>
    </p>
   </div>
  </div>
 </body>
</html>
