2274 3750
874 348 1111 392 -37-

79 454 113 479 Ἰ
168 480 381 525 Vuerthe
389 481 506 524 mius
532 481 664 524 facile
692 479 808 522 mihi
835 479 1060 535 probavit.
1079 482 1198 524 Nam
1214 482 1448 538 aptissime
1466 482 1541 525 hic
1556 482 1758 538 Cyllene,
1778 496 1806 525 a

95 581 107 591 .
136 561 138 567 λ
173 551 348 608 Satyris
364 551 421 595 ad
440 551 649 595 Silenum
667 565 714 594 se
745 554 940 604 vertens,
972 552 1182 596 vocativo
1201 552 1348 595 utitur
1376 556 1421 596 et
1442 552 1660 596 facillime
1691 552 1805 596 haec

180 622 263 728 (Ἰ
283 624 327 730 Λ
372 627 507 732 ...MC
518 626 598 734 ΓΛ
637 622 894 679 corruptela
921 638 978 666 ex
1005 623 1263 667 litterarum
1292 624 1506 668 ductibus
1532 624 1803 681 explicatur.

544 690 554 712 ³
612 726 621 735 .
658 692 761 735 Hoc
802 693 939 736 modo
977 694 1013 736 si
1048 694 1468 751 interpretabimur,
1502 696 1644 739 careri
1678 710 1803 752 posse

174 757 309 807 uersu
341 763 542 820 quodam
572 763 765 818 facticio,
799 763 983 820 qualem
1006 779 1044 809 e.
1066 780 1108 821 g.
1143 765 1438 822 Vollgraffius
1456 766 1490 820 1)
1511 765 1700 820 addidit,
1725 767 1804 810 vix

173 839 287 891 opus
317 838 386 900 est
416 834 578 878 dicere.

0 941 2 960 ³
38 979 42 988 ,
80 956 108 1006 ”⁷
145 920 169 997 ,Α
230 939 354 985 222.4
377 940 494 984 Cum
537 940 710 984 Maasio
728 941 763 998 2)
805 941 1165 998 Vollgraffioque
1183 943 1218 999 3)
1261 947 1306 986 et
1343 958 1425 999 ego
1459 943 1592 986 credo
1628 942 1804 997 »ἔγγονοι

172 1010 354 1066 νύμφαΝ
385 1011 430 1056 h.
448 1010 477 1055 l.
511 1012 767 1068 significare
800 1009 962 1066 νύμφασ
993 1014 1158 1065 ἔγγενεῖσ
1188 1013 1284 1058 sive
1317 1014 1540 1070 ἐπιχώριασ.

228 1139 334 1187 223.
368 1143 413 1183 τὸ
445 1149 587 1199 χρῆμα.
622 1142 687 1186 Cf.
721 1142 780 1186 ad
812 1157 878 1187 vs.
912 1143 1010 1187 136.

229 1259 487 1306 225—236.
535 1261 607 1304 Ex
654 1265 785 1304 textu
831 1264 927 1304 tam
974 1261 1138 1304 misere
1187 1265 1399 1318 corrupto
1448 1276 1506 1305 ne
1553 1263 1800 1319 quicquam

171 1331 338 1375 certius
393 1332 664 1378 concludere
720 1332 930 1387 velimus,
978 1347 1120 1389 quam
1166 1333 1369 1376 maxime
1416 1333 1675 1377 cavendum
1721 1338 1800 1378 est.

171 1402 333 1460 Itaque
365 1417 550 1460 prorsus
580 1417 675 1446 non
706 1403 854 1457 video,
887 1403 1116 1460 quomodo
1148 1403 1224 1446 hic
1255 1403 1311 1447 de
1348 1404 1642 1448 venatoribus
1685 1405 1801 1461 cogi-

170 1473 259 1518 tari
305 1474 447 1531 possit
491 1474 721 1531 Apollinis
762 1474 998 1528 ministris,
1031 1474 1111 1531 qui
1143 1488 1311 1530 agmen
1342 1489 1511 1518 canum
1542 1475 1639 1519 eius
1669 1474 1802 1519 duce·
1829 1507 1832 1510 -

168 1543 282 1589 bant
297 1546 346 1603 ⁴).
399 1545 658 1590 Verisimile
704 1548 860 1588 autem
908 1549 975 1589 est
1020 1546 1069 1588 in
1110 1560 1197 1590 vss.
1232 1545 1466 1590 225-228
1499 1547 1616 1604 (ὁμοῦ
1648 1547 1801 1601 πρέπον

214 1670 217 1671 ⁷
394 1652 404 1661 .
461 1615 616 1671 κλοπὴν
661 1651 891 1661 ......
940 1617 1042 1674 έναι)
1088 1631 1159 1660 res
1206 1632 1292 1662 vss.
1342 1617 1428 1661 170
1459 1631 1555 1675 sqq.
1604 1621 1727 1661 actas
1774 1634 1800 1661 a

171 1686 380 1745 nympha
410 1688 568 1731 referri
599 1688 672 1746 (cf.
708 1687 791 1731 167
815 1690 1055 1742 “’κυνορτικὸν
1086 1689 1257 1742 σύριγμα
1288 1702 1391 1731 cum
1426 1703 1490 1733 vs.
1524 1689 1610 1732 225
1632 1687 1800 1742 κελευμὰ

169 1758 438 1816 κυνηγετῶν)τ
491 1758 715 1803 vocabula
760 1759 902 1816 igitur
947 1776 1033 1814 φωρ
1073 1794 1081 1802 .
1116 1794 1124 1802 .
1162 1794 1170 1803 .
1219 1762 1301 1815 (vs.
1351 1759 1454 1814 227)
1501 1764 1544 1802 et
1591 1761 1800 1816 sequenti

169 1843 303 1874 versu
349 1828 505 1884 κλοπὴν
552 1830 610 1874 ad
652 1830 838 1887 Satyros
874 1830 1175 1888 Silenumque
1206 1830 1452 1891 intersese
1484 1831 1729 1874 incitantes
1749 1831 1798 1886 5),

167 1904 220 1944 ut
258 1901 404 1958 furem
437 1902 691 1959 furtumque
728 1901 1135 1960 comprehendant,
1168 1902 1395 1958 pertinere
1430 1902 1658 1946 videntur.
1692 1903 1798 1946 For-

166 1976 283 2016 tasse
329 1973 470 2016 etiam
516 1973 626 2016 hinc
671 1977 862 2031 apparet
909 1973 994 2017 170
1026 1988 1123 2030 sqq.
1165 1973 1380 2030 proelium
1426 1973 1547 2016 inter
1589 1973 1797 2017 Silenum

167 2043 442 2102 Satyrosque
488 2044 682 2093 describi
723 2059 817 2088 non
858 2045 1072 2102 potuisse,
1105 2049 1159 2087 ut
1190 2044 1403 2087 nonnulli
1435 2044 1729 2088 coniecerunt
1745 2045 1796 2102 6),

167 2128 448 2172 quamquam
481 2115 568 2159 hoc
599 2115 738 2159 nimis
769 2130 932 2172 urgere
964 2115 1084 2159 nolo.
1117 2115 1218 2160 Vss,
1252 2116 1337 2159 229
1359 2129 1426 2172 sq.
1459 2111 1648 2169 haereo}
1681 2115 1800 2158 indi·

167 2185 349 2231 cavitne
393 2187 580 2230 fortasse
628 2187 816 2243 Cyllene
873 2187 1058 2244 Satyros
1115 2187 1251 2230 modo
1307 2186 1605 2243 praeconium
1661 2189 1798 2243 atque

166 2258 426 2315 praemium
471 2257 530 2301 ab
575 2258 790 2315 Apolline
833 2258 1119 2316 propositum
1151 2258 1223 2314 (cf.
1258 2258 1356 2312 193,
1390 2258 1492 2312 202)
1525 2271 1798 2300 commemo·

166 2332 319 2373 rantes
350 2343 396 2373 se
428 2324 691 2374 audivisse?

219 2471 255 2519 ¹)
279 2471 420 2508 Mnem.
445 2471 551 2517 1914,
578 2482 665 2519 pag.
680 2471 729 2507 90
744 2500 751 2508 .
766 2500 775 2509 .
791 2499 799 2507 .
819 2500 826 2509 ,
842 2474 973 2516 εὐπαλῆ
992 2474 1096 2518 φέρων
1119 2472 1123 2518 Ι
1147 2471 1402 2518 [oicgmcqianvt²
1420 2478 1638 2511 κισσοσιέᾳ·εἴσ
1654 2471 1686 2504 δ’
1705 2472 1800 2513 &aava

166 2531 239 2580 ἀεί]
264 2533 409 2568 ὄπισθεν
433 2532 581 2575 ‹si-adesi
610 2533 681 2566 κτλ.

218 2591 254 2637 ²)
281 2591 469 2626 Deutsche
495 2590 873 2636 Litteraturzeitung
898 2589 1004 2636 1912,
1031 2589 1098 2624 N0.
1123 2588 1182 2626 44.

218 2650 254 2694 ³)
280 2650 420 2686 Mnem.
444 2649 550 2694 1914,
576 2660 663 2696 pag.
687 2649 770 2686 166.

218 2708 252 2756 ⁴)
283 2709 475 2754 Vollgraff.
500 2708 661 2744 ibidem:
687 2708 807 2756 „Cum
833 2711 964 2744 autem
992 2713 1145 2755 κήρυγμα
1171 2707 1266 2743 illud
1294 2718 1369 2742 non
1388 2707 1462 2742 nisi
1481 2707 1528 2742 ad
1551 2707 1795 2754 praeconium

167 2768 216 2804 ab
240 2767 417 2815 Apolline
443 2768 590 2803 factum
616 2769 687 2815 (νε.
711 2767 870 2814 33-38)
896 2767 1031 2803 referri
1057 2767 1187 2814 possit,
1214 2766 1391 2813 sequitur
1416 2766 1493 2801 iam
1520 2770 1565 2801 ut
1588 2770 1796 2810 venatores,

166 2826 213 2862 de
249 2826 390 2874 quibus
427 2826 489 2862 hic
521 2838 645 2862 sermo
679 2830 751 2871 est,
776 2827 948 2862 eiusdem
976 2826 1147 2862 ministri
1174 2826 1264 2870 sint,
1290 2825 1355 2872 qui
1382 2836 1520 2871 agmen
1547 2836 1686 2860 canum
1714 2825 1796 2860 eius

166 2886 371 2923 ducebant.
398 2885 688 2921 confirmantur
713 2886 834 2932 igitur
858 2885 962 2921 hisce
989 2884 1160 2920 versibus
1186 2896 1242 2929 ea,
1267 2896 1366 2930 quae
1393 2895 1509 2931 supra
1533 2884 1580 2919 ad
1607 2895 1659 2919 vs.
1685 2884 1731 2919 15
1749 2884 1795 2919 de

165 2947 368 2980 ἀκολουθίαι
404 2944 623 2980 adnotavi.’'
655 2944 799 2980 Verum
835 2955 990 2980 sensum
1025 2943 1214 2979 Robertus
1242 2943 1435 2989 perspexit
1462 2943 1502 2977 in
1528 2941 1700 2978 versione
1725 2954 1796 2978 sua

166 3002 271 3051 (Pae
295 3003 370 3050 17)-

216 3062 252 3108 ⁸)
275 3062 331 3100 Of.
358 3062 406 3098 ad
433 3073 504 3100 VSS.
529 3062 600 3098 170
617 3073 698 3109 sqq.
725 3073 810 3109 pag.
834 3061 893 3099 31.

217 3122 252 3169 ⁶)
276 3122 331 3158 Of.
358 3121 407 3157 ad
431 3132 484 3158 vs.
509 3121 590 3157 169.
