2274 3750
1205 359 1439 403 ..48-

505 489 746 533 annotavit
762 488 819 531 ad
832 476 969 533 Arist.
985 489 1102 533 Plut.
1119 489 1201 533 531
1221 495 1391 544 vereor,
1405 504 1462 533 ne
1480 490 1595 534 forte
1611 490 1780 534 locutio
1796 491 1832 532 εἴ
1845 508 1881 533 τι
1899 490 2023 534 πλέον
2033 490 2138 548 ἵχεισ

508 560 729 604 vertenda
766 560 845 603 sit:
894 560 953 614 „si
989 561 1098 617 quid
1132 560 1215 604 tibi
1248 561 1492 618 proderit”,
1525 563 1646 619 quod
1679 563 1770 605 huc
1802 577 1895 606 non
1927 563 2135 620 quadrat.

566 700 816 747 sus—315.
850 702 996 759 Lyrae
1028 703 1287 760 descriptio,

565 772 740 816 Collato
786 773 950 829 hymni
992 774 1207 817 Mercurii
1250 778 1521 830 argumento
1562 779 1608 818 et
1647 775 1716 829 iis,
1760 789 1876 833 quac
1918 777 2136 833 leguntur

506 844 627 900 apud
663 843 872 900 Apollod.
906 844 1022 888 Bibl.
1055 845 1139 889 III.
1173 846 1213 899 9,
1243 846 1282 899 2,
1307 846 1375 889 3.:
1405 848 1460 886 εἰσ
1483 845 1700 901 Κυλλήνην
1732 846 1869 904 ὤιχετο
1891 850 1954 888 καὶ
1976 849 2139 902 εὑρίσκει

507 918 584 969 πρὸ
624 923 696 956 τοῦ
737 915 889 970 ἄντρου
925 915 1113 972 χελώνην·
1158 918 1314 972 ταύτην
1358 917 1587 972 ἔκκαθάρασ
1631 920 1687 960 εἰσ
1733 921 1779 960 τὸ
1825 920 1947 961 norw
1992 918 2138 976 χορδὰσ

506 987 694 1038 ἕκτείνασ,
728 987 769 1035 ἐξ
800 984 856 1029 ὧν
888 987 1005 1029 ’ἔθυσε
1035 989 1142 1044 βοῶν
1173 991 1237 1029 καὶ
1270 989 1534 1042 ἔργασάμενοσ
1565 988 1690 1043 λύραν
1721 988 1805 1046 εὗρε
1831 993 1896 1031 καὶ
1919 989 2135 1044 πλῆκτρον,

505 1058 619 1101 duas
660 1059 815 1102 adesse
857 1059 1068 1103 videmus
1109 1060 1260 1116 mythi
1303 1059 1519 1103 Mercurii
1550 1061 1733 1116 formas,
1766 1075 1963 1118 quarum
1995 1061 2139 1104 altera

506 1129 637 1172 nobis
669 1133 827 1173 narrat
857 1133 958 1187 post
997 1130 1123 1186 lyrae
1164 1131 1483 1175 inventionem
1527 1131 1665 1176 boves
1706 1147 1733 1175 a
1774 1131 2002 1176 Mercurio
2042 1145 2138 1176 esse

505 1199 737 1255 abductaS,
761 1200 904 1244 altera
925 1202 1073 1246 vaccis
1096 1202 1237 1259 raptis
1259 1202 1448 1245 demum
1470 1202 1620 1259 lyram
1641 1217 1668 1246 a
1693 1204 1778 1246 deo
1809 1203 1988 1246 infante
2018 1217 2140 1246 com-

507 1272 699 1328 positam
733 1287 841 1317 esse.
875 1273 989 1316 Utro
1020 1277 1175 1316 autem
1207 1274 1365 1317 ordine
1395 1273 1638 1330 Sophocles
1660 1275 1709 1317 in
1730 1275 1894 1331 satyris
1914 1275 2008 1318 suis
2029 1288 2138 1318 usus

507 1345 606 1387 est?
647 1344 774 1387 Inter
816 1358 973 1387 omnes
1011 1345 1381 1402 interpretatores
1413 1349 1589 1389 constat
1621 1360 1727 1389 eum
1759 1346 1896 1388 fuisse
1928 1345 2137 1389 ordinem

507 1416 826 1473 Sophocleum,
844 1420 895 1458 ut
916 1416 1043 1473 prius
1063 1415 1203 1460 boves
1225 1420 1507 1473 raperentur,
1525 1416 1691 1461 deinde
1713 1417 1888 1460 corium
1909 1417 1967 1460 ad
1988 1416 2138 1474 lyram

506 1487 765 1530 faciendam
796 1486 1093 1530 adhiberetur
1129 1491 1175 1530 et
1215 1502 1500 1545 quamquam
1543 1502 1566 1531 e
1607 1488 1878 1545 fragmentis
1919 1487 2030 1531 certi
2070 1487 2138 1531 nil

507 1562 712 1615 apparet,
744 1584 800 1590 —-
833 1573 920 1603 vss.
954 1558 1039 1602 365
1071 1573 1169 1616 sqq.
1202 1559 1329 1602 chori
1361 1559 1682 1603 tantummodo
1709 1560 2025 1603 demonstrant
2045 1559 2139 1616 opi-

507 1629 709 1683 nionem,
758 1655 816 1661 —-
856 1633 1005 1672 totum
1046 1629 1227 1673 fabulae
1269 1630 1512 1675 consilium
1554 1630 1679 1674 hunc
1715 1630 1865 1674 solum
1896 1629 2138 1673 admittere

507 1700 716 1744 ordinem
749 1715 832 1757 ego
865 1715 1046 1758 quoque
1080 1715 1221 1758 quam
1253 1701 1648 1758 persuasissimum
1679 1701 1840 1756 habeo,
1874 1708 1978 1744 cum
2011 1714 2138 1758 prae-

506 1772 665 1814 sertim
681 1786 911 1829 nusquam
925 1771 1125 1829 Cyllene,
1142 1772 1391 1816 defendens
1409 1772 1665 1828 alumnum,
1683 1787 1870 1817 suarum
1886 1772 2027 1816 boum
2043 1772 2137 1815 iam

507 1843 586 1885 diu
608 1846 714 1886 ante
736 1843 1016 1886 Mercurium
1039 1846 1202 1886 natum
1224 1858 1305 1886 suo
1328 1843 1377 1886 in
1399 1847 1554 1887 monte
1576 1843 1835 1898 latentium,
1857 1847 1980 1888 unde
1996 1843 2138 1900 igitur

507 1913 760 1956 Mercurius
782 1914 956 1957 corium
978 1913 1064 1957 sibi
1086 1929 1246 1971 parare
1264 1915 1496 1971 potuisset,
1520 1916 1802 1959 mentionem
1830 1915 1980 1971 faciat,
2013 1914 2135 1972 quod

507 1985 707 2042 profecto
743 1999 836 2028 non
868 1985 1156 2042 neglexisset,
1190 1986 1226 2028 si
1258 1985 1396 2030 boves
1427 1986 1678 2029 affuissent.
1711 1987 1815 2029 Non
1847 1990 2002 2030 tamen
2034 1984 2136 2029 ideo

505 2070 588 2113 pro
620 2059 742 2099 certo
774 2060 978 2100 constare
1010 2060 1192 2113 poetam
1225 2057 1310 2100 hoc
1332 2057 1430 2100 loco
1452 2056 1510 2100 ab
1531 2057 1707 2113 hymno
1729 2057 2039 2101 declinantem
2061 2070 2135 2100 ve-

507 2128 745 2170 tustiorem
767 2128 1002 2184 quandam
1024 2128 1334 2171 narrationem
1355 2131 1563 2172 secutum
1581 2142 1676 2172 esse
1692 2143 1841 2186 neque
1859 2127 2135 2185 Apollodoro

507 2198 750 2256 Sophoclem
776 2199 934 2256 utique
957 2202 1188 2242 auctorem
1211 2199 1349 2242 fuisse
1372 2199 1550 2254 debere,
1573 2199 1653 2244 vix
1675 2203 1742 2243 est
1763 2199 1885 2256 quod
1907 2212 2136 2252 moneam,
2192 2243 2194 2245 .

507 2284 638 2312 nam:
677 2270 782 2323 „der
814 2269 1034 2313 Gedanke
1067 2270 1147 2313 der
1180 2269 1488 2326 Umkehrung
1519 2296 1576 2302 —
1597 2274 1648 2313 ut
1669 2274 1789 2314 recte
1811 2269 2139 2314 animadvertit

507 2340 734 2383 Robertus
747 2341 780 2397 1)
804 2366 860 2372 --
881 2341 993 2397 liegt
1025 2355 1071 2383 so
1094 2341 1227 2394 nahe,
1251 2340 1355 2383 dasz
1370 2340 1502 2396 jeder
1524 2341 1689 2383 darauf
1707 2340 1928 2385 versallen
1950 2339 2136 2394 konnte,

502 2411 552 2467 ja
584 2412 831 2468 eigentlich
863 2411 1078 2455 muszte.''
1113 2411 1199 2454 Sed
1233 2411 1289 2454 de
1321 2411 1480 2454 ordine
1512 2411 1787 2454 narrationis
1817 2411 2052 2455 hactenus,

567 2483 815 2540 Postquam
867 2483 1008 2539 igitur
1060 2482 1261 2539 Cyllene,
1314 2487 1366 2525 ut
1416 2482 1684 2539 Satyrorum
1727 2481 1977 2525 curiositati
2007 2481 2136 2525 satis-

507 2554 645 2596 faciat
695 2554 976 2597 Mercurium
1028 2554 1192 2597 miram
1244 2553 1369 2610 lyrae
1422 2553 1738 2597 inventionem
1793 2553 1949 2596 fecisse
1985 2551 2135 2609 lepide

508 2625 662 2667 docuit
725 2628 770 2667 et
832 2625 995 2667 chorus
1059 2623 1238 2678 deinde,
1302 2626 1354 2666 ut
1416 2638 1439 2667 e
1502 2627 1719 2667 contextu
1786 2623 1919 2667 facile
1988 2622 2133 2666 conici

561 2778 593 2825 ¹)
619 2778 746 2813 Herm.
771 2776 877 2823 1912,
904 2788 989 2824 pag.
1014 2776 1085 2812 556
1098 2787 1151 2824 sq.
1171 2776 1275 2822 Quod
1295 2779 1426 2812 autem
1448 2777 1562 2823 paulo
1581 2776 1764 2812 audacius
1782 2775 1982 2812 contendit
1999 2775 2135 2823 hymni

507 2837 679 2872 ordinem
715 2837 870 2872 omnino
904 2836 1102 2872 ferendum
1138 2846 1213 2871 non
1246 2846 1338 2880 esse,
1365 2838 1482 2882 atque
1511 2835 1699 2871 Mercurio
1724 2835 1756 2870 si
1782 2834 1926 2871 corium
1953 2834 2133 2870 bovinum

509 2899 660 2943 praesto
702 2899 815 2939 esset,
856 2898 896 2931 et
937 2895 1049 2931 boves
1091 2894 1221 2930 abesse
1263 2905 1337 2930 non
1382 2894 1563 2941 potuisse,
1605 2897 1695 2941 apte
1732 2894 1908 2930 refutant
1944 2893 2135 2941 Kuiperus

507 2956 663 3002 (Mnem.
683 2955 788 2999 1910,
813 2965 899 3002 pag.
916 2954 963 2990 36
980 2955 1076 3001 sqq.)
1095 2957 1135 2989 et
1153 2954 1386 3000 Koettgenia
1405 2953 1506 3000 (pag.
1523 2952 1547 2988 8
1563 2954 1663 3000 sqq.)
1679 2954 1825 2999 optimo
1839 2953 1922 2988 iure
1937 2955 2136 2988 monentes

510 3014 684 3050 fabulosa
723 3017 763 3049 et
795 3014 978 3050 caelestia
1012 3013 1128 3049 nimis
1163 3013 1285 3049 virum
1312 3012 1554 3059 ingeniosum
1581 3023 1625 3048 cx
1651 3013 1901 3048 terrestribus
1926 3011 2070 3059 metiri,
2093 3014 2136 3047 at

508 3077 660 3120 poetam
697 3076 900 3118 μυθολόγοι»,
929 3077 972 3109 ut
1005 3073 1052 3108 ad
1087 3072 1250 3108 rationis
1287 3083 1461 3108 normam
1501 3071 1632 3107 onmia
1669 3071 1875 3118 redigeret,
1910 3081 1985 3107 non
2023 3070 2136 3106 anxie

509 3143 715 3168 curavisse.
