2274 3750
908 358 1143 401 -75-

210 490 534 548 Sophocleum,
566 490 687 534 inter
717 503 764 532 se
797 488 1107 546 comparandi,
1141 488 1263 546 quod
1296 489 1454 532 mirari
1486 503 1580 531 non
1610 487 1842 542 debemus,

210 575 322 605 nam
363 561 495 604 facile
533 560 763 604 credimus
794 574 952 603 omnes
983 560 1194 603 omnium
1227 563 1466 616 poetarum
1499 559 1674 603 Silenos
1705 584 1762 591 -
1794 563 1844 602 ut

209 632 350 676 etiam
397 631 583 688 Satyros
628 656 686 663 —
733 634 855 674 certa
901 630 1127 688 quaedam
1181 631 1446 674 communia
1495 630 1708 674 habuisse
1759 645 1843 674 nec

209 707 365 761 poetas
411 702 533 746 hanc
579 702 819 745 materiem
866 701 923 744 ad
969 700 1211 744 libidinem
1259 715 1389 744 suam
1437 701 1713 754 tractavisse,
1765 700 1844 745 sed

209 773 392 818 Silenos
424 787 527 816 suos
558 772 782 816 eiusmodi
813 772 989 816 artibus
1020 772 1266 826 ornavisse‚
1300 772 1467 830 quibus
1487 787 1666 829 semper
1686 787 1843 829 quam-

211 844 281 890 vis
313 845 567 888 decantatis
593 848 900 901 spectatorum
928 843 1115 901 plausus
1137 848 1413 888 moveretur.
1434 843 1573 901 Apud
1594 847 1843 900 utrumque

209 916 353 972 igitur
394 916 606 959 videmus
647 914 856 958 Silenum
893 929 996 958 suas
1027 929 1098 958 res
1129 918 1278 970 gestas
1308 914 1522 958 laudibus
1553 915 1840 968 efferentem3

214 985 463 1044 Euripides
494 990 650 1029 autem
682 985 847 1028 πλατὺν
877 985 1033 1038 γέλωτα
1058 986 1204 1042 magis
1225 990 1433 1042 spectans
1454 985 1660 1029 Silenum
1681 984 1846 1036 γελωτο-

210 1051 328 1101 ’ποιόν
379 1057 511 1100 nobis
563 1057 787 1114 depinxit,
840 1057 919 1114 qui
971 1057 1125 1100 statim
1173 1056 1230 1100 ab
1276 1057 1408 1100 initio
1453 1057 1696 1100 iactatione
1737 1056 1844 1100 satis

208 1129 378 1186 inepta,
411 1142 552 1185 quam
584 1142 642 1171 ne
674 1128 825 1185 ipsum
857 1128 1044 1185 quidem
1077 1128 1259 1171 credere
1290 1131 1480 1184 apparet
1501 1127 1549 1183 1),
1581 1127 1844 1171 auditorum

209 1200 458 1244 cachinnos
485 1213 774 1243 commovere
801 1199 998 1252 studuit;
1026 1198 1272 1256 Sophocles
1298 1202 1456 1241 contra
1478 1198 1685 1242 Silenum
1707 1198 1844 1255 paulo

209 1270 502 1316 urbaniorem
549 1274 594 1313 et
637 1285 663 1313 a
694 1270 841 1313 nimia
871 1270 1134 1326 arrogantia
1165 1269 1375 1323 liberum,
1409 1284 1525 1326 quae
1557 1284 1714 1314 revere
1745 1285 1846 1327 per-

209 1342 470 1400 petraverit,
504 1341 635 1384 nobis
682 1355 764 1384 suo
810 1345 1015 1398 tempore
1062 1344 1328 1384 narrantem
1369 1345 1475 1384 ante
1521 1341 1675 1384 oculos
1714 1342 1844 1399 ponit

209 1417 349 1471 atque
379 1413 617 1456 hominem
652 1427 792 1470 quam
825 1412 1013 1455 stultam
1041 1416 1086 1455 et
1107 1411 1350 1455 ridiculam
1370 1412 1572 1455 hominis
1592 1411 1843 1468 imaginem

210 1485 448 1528 ostendere
478 1484 658 1529 mavult
679 1484 728 1541 2).

270 1555 330 1599 Et
374 1555 450 1598 hic
497 1555 706 1598 Silenum
759 1554 1035 1611 Satyrosque
1081 1568 1233 1598 servos
1255 1554 1291 1607 3)
1336 1568 1430 1597 esse
1477 1557 1678 1612 apparet,
1726 1568 1844 1611 quae

213 1625 467 1670 similitudo
510 1626 675 1670 clarius
717 1626 855 1669 etiam
897 1626 1083 1679 indicat,
1122 1628 1403 1683 quantopere
1434 1625 1615 1668 fabulae
1645 1626 1767 1669 inter
1797 1641 1843 1669 se

213 1697 485 1754 discrepent.
527 1697 713 1741 Etenim
754 1697 877 1754 apud
919 1696 1192 1753 Sophoclem
1234 1695 1414 1746 Silenus
1455 1710 1613 1740 servus
1653 1697 1843 1754 quidem

211 1771 293 1822 est,
335 1768 413 1812 sed
455 1781 713 1825 numquam
750 1768 940 1821 servilis,
973 1768 1096 1824 apud
1129 1767 1400 1823 Euripidem
1431 1767 1517 1810 hoc
1549 1767 1735 1824 prologo
1767 1782 1843 1811 ex-

203 1843 341 1897 cepto
381 1853 613 1897 nusquam
644 1853 738 1883 non
770 1842 967 1882 ostentat
997 1839 1208 1882 animum
1241 1851 1382 1895 quam
1414 1837 1617 1882 maxime
1649 1838 1843 1882 illibera-

209 1910 302 1954 lem
348 1915 394 1955 et
439 1925 669 1968 spurcum,
722 1910 845 1967 apud
898 1923 1036 1967 quem
1089 1910 1336 1966 quicquam
1389 1909 1568 1952 honesti
1619 1908 1840 1966 probique

209 1982 378 2026 frustra
408 1982 625 2039 requiras.

270 2053 510 2098 Praeterea
561 2057 691 2096 extra
742 2052 982 2110 prologum
1040 2052 1228 2095 tertium
1280 2050 1512 2108 quoddam
1563 2051 1841 2105 invenimus,

210 2124 334 2182 quod
364 2139 524 2168 ansam
557 2124 689 2167 nobis
720 2124 797 2167 det
822 2124 880 2167 ad
903 2123 1293 2180 comparationem
1314 2122 1663 2184 instituendam.
1689 2122 1843 2167 Ulixes

210 2196 336 2240 enim
367 2200 497 2252 rogat
529 2195 736 2239 Silenum
769 2195 850 2252 (vs.
886 2194 1002 2250 134),
1038 2198 1088 2237 ut
1119 2209 1176 2237 ex
1208 2194 1337 2250 copia
1369 2192 1646 2236 cibariorum
1666 2193 1842 2250 aliquid

212 2266 300 2311 sibi
330 2267 439 2311 dare
471 2266 596 2320 velit,
630 2267 704 2309 cui
736 2266 891 2309 statim
923 2265 1167 2323 respondet
1197 2264 1378 2308 Silenus
1407 2268 1493 2317 (vs.
1527 2264 1654 2321 138):

549 2340 598 2379 σὺ
629 2337 666 2378 δ’
698 2336 937 2387 ἀντιδώσεισ,
970 2337 1054 2378 ἐίπὲ
1085 2353 1162 2388 μοι,
1195 2338 1335 2392 χρυσὸν
1367 2336 1504 2383 πόσον,-

211 2409 292 2466 qui
333 2423 491 2454 versus
534 2423 640 2452 cum
673 2408 775 2451 Ind.
818 2423 883 2451 vs,
926 2408 983 2451 45
1001 2421 1097 2464 sqq.
1115 2408 1152 2462 4)
1194 2421 1333 2463 quam
1375 2406 1577 2449 maxime
1619 2406 1841 2462 congruit.

212 2479 426 2523 Eundem
450 2480 551 2522 auri
573 2493 778 2522 amorem
801 2478 902 2521 Ind.
925 2493 989 2522 vs.
1015 2478 1099 2521 156
1121 2477 1429 2521 animadverti
1451 2491 1589 2533 supra
1610 2477 1842 2520 annotavi.

210 2550 298 2594 Sed
342 2551 584 2607 Euripides
626 2551 734 2593 satis
775 2549 861 2593 sibi
904 2564 997 2592 non
1039 2549 1174 2592 duxit
1214 2548 1420 2591 Silenum
1457 2561 1605 2600 suum,
1639 2551 1690 2590 ut
1719 2547 1841 2603 apud

211 2621 498 2678 Sophoclem,
541 2622 640 2664 auri
684 2620 884 2677 quodam
926 2634 1080 2663 amore
1111 2621 1327 2663 affectum
1359 2633 1466 2671 esse,
1499 2622 1546 2661 at
1575 2618 1714 2661 etiam
1746 2619 1843 2662 vini

211 2692 461 2749 cupiditate
507 2693 780 2748 flagrantem
827 2691 958 2734 nobis
1007 2705 1113 2734 eum
1161 2690 1383 2746 depinxit.
1431 2689 1503 2732 Sic
1545 2703 1841 2732 nummorum

266 2835 295 2878 ¹)
319 2834 498 2882 Lepidior
522 2844 613 2869 sane
639 2836 698 2869 est
723 2833 830 2868 iocus
855 2832 1138 2879 Aristophanis,
1163 2831 1229 2878 qui
1255 2831 1368 2877 (Ran.
1387 2830 1449 2877 51)
1467 2841 1539 2865 non
1558 2830 1680 2876 ipsum
1703 2829 1843 2876 Diony-

211 2904 310 2939 sum,
347 2893 411 2929 sed
449 2892 650 2928 Xanthian
686 2903 852 2938 servum,
888 2891 1035 2927 domini
1073 2891 1224 2926 fabulas
1262 2890 1498 2934 audientem,
1534 2889 1582 2924 ad
1608 2892 1843 2936 spectatores

213 2953 349 2988 verba:
378 2945 490 2998 ,,κᾶιτ’
514 2953 611 2996 ἔγωγ’
637 2950 858 2998 ἑξηγρόμην.”
884 2951 1119 2986 clamantem
1146 2949 1306 2985 inducit.

263 3011 298 3058 ²)
324 3011 378 3047 Of.
404 3011 486 3048 Ind.
512 3022 584 3047 vss.
609 3010 680 3046 148
705 3021 786 3057 sqq.
811 3013 851 3045 et
878 3010 1024 3056 Cyclop.
1051 3020 1123 3045 vss.
1148 3008 1170 3043 2
1196 3019 1277 3054 sqq.

263 3071 278 3093 ³
325 3070 428 3117 Cycl.
453 3069 511 3107 24.

264 3129 299 3176 ⁵)
324 3129 534 3175 Legantur,
559 3139 657 3175 quae
683 3127 816 3175 scripsi
841 3138 926 3174 pag.
952 3127 1009 3162 10.
