2274 3750
918 380 1151 421 -g1m

512 508 640 550 καίτοι
681 508 842 560 φύγοιμ’
882 507 947 559 ἄν,
987 508 1200 564 κάκβέβηκ’
1241 508 1391 564 ἄντρου
1427 511 1577 564 μυχῶν·

523 578 614 620 ἀλλ’
655 581 702 620 οὐ
743 579 895 622 δίκαιον
936 578 1180 622 ἀπολιπόντ’
1221 581 1342 633 {uoto
1381 579 1534 633 φίλουσ,

513 649 588 697 ξὺν
618 647 751 705 οἷσπερ
782 647 910 704 ἦλθον
941 649 1066 706 δεῦρο,
1099 656 1281 706 σωθῆναι
1313 652 1453 704 μόνον.

215 718 318 763 luce
349 719 515 763 clarius
542 721 601 763 sit
633 721 905 778 Polyphemi
937 722 1203 778 speluncam
1234 726 1390 778 patere
1421 725 1466 764 et
1496 721 1681 765 Ulixem
1703 718 1844 762 libere

217 791 556 846 commeavisse‚
604 806 740 835 nemo
787 792 985 848 negabit.
1030 793 1088 836 Et
1134 793 1236 850 quis
1283 807 1377 835 non
1418 793 1543 835 videt
1573 790 1841 847 Euripidem

216 860 483 917 longissima
513 863 775 906 narratione
808 865 890 918 (vs,
926 863 1009 906 381
1043 869 1157 921 sqq.)
1188 864 1379 907 modum
1411 863 1654 906 excessisse
1686 865 1731 904 et
1768 861 1843 904 hic

215 931 384 976 iterum
426 933 630 984 Homero
671 933 806 990 longe
838 935 1066 979 minorem
1097 949 1143 978 se
1174 934 1467 992 praebuisse?
1491 935 1523 989 l)
1555 933 1628 977 Sic
1660 931 1738 975 alii
1755 931 1846 974 alia

218 1008 639 1051 eommemorarunt
659 1005 694 1062 2)
742 1010 786 1049 et
827 1006 965 1050 etiam
1014 1004 1454 1050 commemorabunt.
1503 1004 1643 1048 Nobis
1690 1006 1845 1047 autem

217 1074 331 1118 haec
361 1076 596 1119 sufficiunt
625 1078 683 1120 ad
715 1078 1080 1121 confirmandam
1111 1082 1316 1121 nostram
1342 1078 1607 1134 opinionem
1636 1073 1845 1132 Cyclopis

217 1147 595 1204 compositionem
627 1148 988 1192 infelicissimam
1022 1164 1116 1192 esse
1147 1149 1494 1192 nominandam.

276 1217 364 1262 Sed
407 1219 498 1262 iam
541 1220 649 1262 satis
690 1220 745 1263 de
787 1224 981 1278 utraque
1022 1219 1179 1263 fabula
1220 1220 1480 1264 disseruisse
1525 1219 1641 1262 mihi
1674 1218 1844 1263 videor.

218 1290 379 1348 Itaque
412 1290 639 1345 omnibus,
673 1306 790 1348 quae
822 1292 1026 1348 exposui,
1059 1292 1293 1348 perpensis
1325 1292 1388 1334 sic
1419 1294 1592 1334 statuo:

275 1363 521 1423 Sophoclem
551 1378 645 1406 non
676 1363 877 1407 invitum
909 1363 1204 1419 Indagatores
1236 1362 1476 1419 scripsisse,
1506 1362 1582 1404 sed
1615 1361 1765 1417 ipsum
1788 1374 1845 1402 ex

217 1438 304 1498 hac
346 1437 535 1480 materie
578 1450 794 1492 magnam
838 1435 1121 1491 voluptatem
1164 1434 1414 1490 percepisse
1457 1436 1501 1475 et
1538 1433 1623 1474 hoc
1661 1445 1846 1487 magno-

218 1523 325 1567 pere
357 1508 596 1562 studuisse,
629 1512 681 1550 ut
712 1522 769 1550 ex
801 1511 953 1552 vetere
985 1509 1257 1562 argumento
1289 1518 1458 1549 novam
1491 1503 1694 1546 fabulam
1727 1516 1846 1544 com-

218 1583 420 1638 poneret,
462 1580 511 1623 in
553 1593 645 1636 qua
686 1578 842 1621 omnia
872 1577 988 1620 bene
1020 1577 1330 1633 procederent,
1364 1589 1468 1618 suas
1500 1574 1664 1631 cuique
1696 1577 1846 1630 partes

217 1650 499 1704 attribueret,
542 1650 747 1707 personis
777 1648 959 1692 fabulae
991 1648 1136 1692 vitam
1167 1647 1424 1704 inspiraret,
1458 1645 1614 1688 omnia
1646 1644 1846 1701 denique

218 1720 417 1766 laetitiae
449 1722 550 1766 luce
583 1721 901 1779 perfunderet3

278 1793 542 1851 Euripidem,
577 1807 658 1850 pro
689 1792 842 1835 indole
875 1805 956 1834 sua
987 1790 1151 1846 satyris
1182 1789 1335 1832 minus
1365 1792 1484 1845 apta,
1517 1789 1844 1843 argumentum

219 1879 277 1908 ex
318 1864 523 1908 Homero
554 1867 792 1920 sumptum
825 1861 1149 1919 qualicumque
1182 1860 1317 1902 modo
1349 1873 1513 1902 scenae
1545 1857 1844 1914 adaptavisse‚

218 1935 327 1979 huic
368 1934 533 1979 deinde
576 1934 781 1978 carmina
818 1933 1044 1990 quaedam
1076 1935 1283 1984 venusta,
1315 1934 1362 1973 at
1393 1934 1566 1973 ceterae
1599 1917 1717 1985 vparti
1750 1941 1844 1969 non

219 2021 421 2063 congrua
466 2020 646 2049 necnon
693 2005 869 2062 aliquot
914 2002 1174 2055 sententias,
1223 2005 1274 2044 ut
1315 2000 1598 2057 Euripideas,
1642 1999 1706 2041 ita
1737 1998 1846 2040 hinc

219 2077 391 2121 alienas
436 2077 677 2130 addidisse,
724 2076 923 2132 denique
970 2088 1027 2117 ne
1073 2073 1336 2116 auditorum
1383 2071 1500 2113 risus
1547 2070 1673 2127 desit,
1723 2069 1841 2111 hanc

218 2149 597 2206 compositionem
629 2147 834 2190 obscenis
864 2145 974 2188 iocis
1005 2144 1272 2188 condivisse.

278 2219 352 2262 Sic
383 2220 625 2276 utriusque
657 2232 770 2274 opus
801 2231 896 2260 sese
927 2215 1086 2259 habet:
1120 2214 1211 2257 utri
1233 2212 1491 2270 praemium
1513 2212 1571 2254 sit
1591 2209 1842 2254 attribuen-

219 2289 344 2344 dum,
378 2290 593 2347 equidem
625 2289 662 2332 si
693 2288 834 2331 iudex
865 2301 1022 2340 essem,
1056 2299 1149 2328 non
1177 2284 1447 2335 dubitarem,
1473 2297 1580 2325 nam
1603 2280 1846 2338 Sophoclem

222 2361 348 2404 omni
379 2375 437 2404 ex
468 2350 595 2418 parte
627 2360 786 2403 laurea
817 2359 1011 2414 dignum
1042 2371 1087 2399 se
1121 2353 1395 2412 praestitisse
1428 2367 1568 2410 quam
1599 2351 1842 2409 persuasis-

220 2431 390 2475 simum
436 2431 596 2476 habeo.
656 2431 780 2473 Hinc
832 2433 988 2473 autem
1044 2430 1204 2483 sponte
1261 2424 1466 2481 sequitur
1527 2426 1736 2466 nostrum
1788 2421 1844 2464 de

273 2619 307 2667 ¹)
331 2619 557 2656 Rectissime
582 2617 758 2654 Patinius
782 2615 943 2664 (Etudes
967 2626 1033 2650 sur
1056 2615 1111 2650 les
1133 2613 1329 2659 tragiques
1354 2622 1462 2658 grecs
1487 2610 1534 2654 ΙΙ,
1556 2620 1640 2656 pag.
1661 2607 1732 2644 299
1754 2608 1843 2656 sq.):

220 2679 379 2726 „Ulysse
393 2678 499 2714 vient
511 2680 689 2713 raconter
700 2676 794 2722 qu’il
807 2675 857 2710 l'a
873 2686 919 2709 vu
934 2674 1091 2709 devorer
1104 2673 1201 2708 deux
1215 2671 1261 2706 de
1276 2682 1333 2706 ses
1347 2679 1614 2716 compagnons.
1630 2667 1659 2703 Il
1671 2667 1745 2702 fait
1754 2668 1844 2702 chez

222 2738 384 2774 Homere
414 2736 445 2782 (ι
477 2735 545 2773 287
579 2734 677 2782 sqq.)
709 2735 744 2770 le
778 2734 900 2769 meme
934 2732 1030 2768 recit
1063 2735 1103 2767 et
1127 2734 1231 2766 trace
1256 2730 1291 2765 le
1318 2729 1440 2764 meme
1465 2727 1634 2771 tableau,
1660 2726 1769 2771 mais,
1795 2737 1842 2761 on

220 2796 298 2833 s’en
331 2795 518 2840 souvient‚
551 2805 598 2829 en
631 2793 815 2840 quelques
840 2792 956 2828 traits
981 2789 1145 2837 rapides,
1172 2787 1409 2834 energiques,
1434 2786 1624 2830 terribles,
1656 2785 1840 2831 auxquels

221 2856 262 2892 ni
287 2854 446 2901 Virgile‚
472 2854 510 2889 ni
539 2854 662 2889 meme
687 2852 816 2897 Ovide,
841 2852 949 2887 n’ont
974 2861 1041 2885 cru
1067 2849 1197 2884 devoir
1223 2847 1386 2893 ajouter.
1405 2844 1597 2891 Euripide,
1615 2854 1705 2878 avec
1720 2843 1842 2878 moins

221 2915 268 2950 de
291 2913 385 2960 gont
411 2924 433 2948 a
458 2911 643 2960 rapetisse
669 2913 704 2947 la
729 2910 838 2947 scene
862 2921 933 2957 par
958 2920 1009 2947 un
1036 2909 1126 2953 long
1152 2906 1270 2942 detail
1290 2905 1336 2940 de
1354 2906 1392 2940 la
1410 2905 1518 2947 facon
1537 2904 1631 2940 dont
1649 2904 1704 2948 s'y
1718 2902 1838 2949 prend

221 2983 316 3020 pour
340 2977 439 3016 tuer‚
464 2971 634 3018 depecer‚
658 2971 763 3006 cuire
789 2973 828 3005 et
852 2969 949 3004 rbtir
974 2979 1032 3003 ses
1058 2966 1242 3010 victimes,
1268 2964 1366 3000 celui
1392 2963 1485 3010 qu’il
1514 2962 1674 3009 appelle,
1699 2971 1740 2996 ce
1761 2963 1842 2996 mot

221 3031 373 3068 resume
411 3031 558 3077 l'esprit
595 3030 646 3065 du
684 3039 861 3065 morceau
900 3030 939 3064 et
975 3037 1022 3062 en
1056 3025 1229 3061 contient
1262 3023 1299 3058 la
1332 3022 1507 3068 critique,
1533 3021 1567 3056 le
1593 3018 1775 3055 cuisinier
1799 3018 1845 3054 de

223 3090 362 3126 Pluton
388 3089 459 3136 (vs.
473 3087 606 3133 ’396).⁷’
1622 3075 1626 3079 “

273 3150 310 3197 ²)
335 3148 390 3186 cf.
417 3146 679 3195 Marquartius
701 3145 752 3183 1.l.
780 3155 864 3192 pag.
889 3144 936 3179 10
961 3154 1040 3190 sqq.

1753 3206 1776 3241 6
