2274 3750
900 387 954 393 ..
988 362 1046 404 49
1077 387 1135 393 -.

203 493 364 546 potest,
396 490 587 546 rogavit,
621 504 712 547 qua
743 490 931 533 tandem
962 490 1138 533 ratione
1170 489 1379 533 mirabile
1410 490 1525 532 illud
1552 490 1828 532 instrumen-

197 563 297 604 tum
346 559 486 614 fieret,
534 561 743 617 nympha
787 562 843 604 iis
889 561 1133 617 respondet
1178 561 1462 617 amplissima
1508 561 1824 617 descriptione,

198 644 340 688 quam
371 635 515 674 totam
546 632 640 675 fere
677 632 844 688 perisse
881 632 989 675 satis
1031 632 1175 675 doleri
1215 632 1388 689 nequit.
1433 631 1534 674 Hoc
1575 635 1731 674 tamen
1773 645 1830 674 ex

96 726 98 730 ·
147 728 166 743 x.
199 701 406 759 reliquiis
453 706 651 745 statuere
698 717 940 759 possumus
984 702 1132 759 lyram
1175 702 1473 760 Sophocleam
1519 706 1564 745 et
1593 702 1830 747 verticillis

200 773 286 829 (ve.
329 773 415 816 312
457 772 691 830 κόλ]λοπεσ)
710 774 744 827 1)
786 778 830 816 et
871 773 992 816 corio
1033 774 1310 816 instructum
1350 774 1503 827 fuisse,
1546 773 1668 830 quod
1707 772 1831 827 δέρμα

198 843 283 901 (vn.
306 844 409 898 307)
431 844 545 901 quin
566 844 690 887 idem
713 844 771 887 sit
791 848 929 901 atque
952 845 1118 900 hymni
1139 859 1203 889 vs.
1236 844 1294 886 49
1325 843 1451 899 δέρμα
1481 845 1586 900 βοόσ,
1619 844 1669 886 in
1686 843 1826 886 dubio

199 926 292 958 non
335 918 413 958 est.
457 914 530 957 Sic
571 915 696 958 enim
739 919 952 971 proterva
993 915 1262 971 Satyrorum
1304 915 1530 958 accusatio
1572 914 1675 971 (325
1717 920 1831 971 sqq.)

130 990 138 998 ’
199 986 353 1029 statim
395 989 498 1042 post
539 985 750 1042 Cyllenes
791 986 931 1029 verba
973 986 1211 1028 enuntiata
1250 989 1295 1028 et
1325 1000 1446 1040 mox,
1479 985 1592 1028 dum
1623 985 1831 1041 nympha

199 1055 347 1112 magis
387 1056 624 1113 magisque
655 1057 880 1110 irascitur,
913 1057 1205 1113 pertinaciter
1237 1057 1430 1113 repetit-a
1460 1057 1564 1113 (vss.
1600 1057 1685 1099 335
1718 1069 1829 1112 sqq„

201 1127 289 1170 362
317 1127 436 1184 sqq.)
460 1124 599 1177 ‘facile
633 1127 901 1184 explicatur.
936 1126 1096 1170 Cetera
1127 1131 1296 1181 autem,
1330 1140 1446 1183 quae
1479 1127 1534 1169 de
1563 1127 1688 1182 lyrae
1710 1140 1832 1169 com-

199 1198 422 1255 positione
463 1197 632 1240 tradita
674 1191 913 1251 habemus,
952 1202 1048 1241 tam
1080 1202 1187 1240 sunt
1218 1197 1436 1254 ambigua
1467 1197 1572 1254 (310
1605 1232 1614 1241 .
1635 1195 1829 1247 .πλεκτα,

200 1269 288 1313 313
332 1285 522 1322 αμματω,
571 1269 656 1311 337
699 1269 940 1323 καθήρμοσε,
983 1269 1068 1312 338
1111 1270 1254 1322 τεμὼν,
1297 1269 1383 1311 340
1425 1267 1598 1325 δ[ο]ρᾶ>,
1641 1272 1692 1310 ut
1723 1268 1830 1311 inde

203 1340 372 1383 certius
411 1340 661 1396 quicquam
704 1339 806 1382 elici
838 1354 1021 1396 prorsus
1052 1353 1145 1382 non
1178 1340 1330 1395 possit.
1365 1339 1524 1382 Restat
1554 1338 1830 1382 vocabulum

202 1409 486 1466 ρινοκόλλητοσ
502 1411 637 1465 (366),
656 1411 778 1468 quod
795 1411 971 1467 aliquid
987 1411 1102 1453 lucis
1119 1409 1335 1467 praebere
1357 1410 1581 1463 videatur,
1604 1409 1832 1466 imprimis

202 1481 415 1535 Roberto,
464 1482 544 1538 qui
575 1495 668 1524 uno
699 1496 758 1524 ex
789 1481 927 1524 hocce
958 1480 1181 1525 vocabulo
1212 1481 1375 1537 hymni
1407 1494 1624 1524 versuum
1657 1481 1712 1524 47
1718 1481 1830 1524 —51

203 1566 372 1598 novam
405 1566 605 1610 eamque
626 1552 863 1595 meliorem
886 1552 1310 1609 interpretationem
1332 1552 1496 1594 deduci
1518 1565 1646 1607 posse
1668 1555 1830 1607 sperat.

202 1623 291 1668 Sed
319 1623 592 1681 *priusquam
623 1623 749 1666 hunc
779 1623 1007 1678 audimus,
1039 1637 1196 1667 versus
1228 1622 1560 1666 exscribamus:

319 1695 395 1739 47.‘
452 1693 553 1747 πῆξε
584 1694 621 1735 δ’
653 1694 716 1749 ἄρ’
749 1695 790 1736 ἓν
821 1694 991 1748 μέτροισι
1023 1695 1163 1746 ταμὼν
1195 1693 1371 1736 δόνακασ
1401 1692 1608 1745 καλάμοιο,

457 1766 648 1821 πειρήνασ
668 1766 704 1822 2)
734 1765 800 1806 διὰ
832 1773 955 1816 νῶτα,
989 1764 1054 1806 διὰ
1086 1768 1206 1820 ῥινοῖο
1238 1763 1426 1820 χελώνησ.

454 1838 555 1890 ἀμφὶ
587 1836 628 1878 δὲ
659 1835 783 1892 δέρμα
814 1836 982 1878 τάνυσσε
1013 1836 1108 1891 βοὸσ
1137 1834 1398 1889 πραπίδεσσιν
1429 1836 1535 1888 ἒῆισι,

453 1909 518 1949 καὶ
559 1907 699 1963 πήχεισ
738 1907 908 1961 ἐνέθηκ’,
942 1907 1007 1947 ἐπὶ
1050 1905 1090 1947 δὲ
1122 1906 1240 1958 ζυγὸν
1269 1905 1410 1959 ἤραρεν
1442 1906 1602 1958 ἀμφοῖν,

453 1979 557 2020 ἑπτὰ
588 1977 630 2019 δὲ
661 1978 901 2031 συμφώνουσ
930 1978 1026 2019 ὀίων
1057 1977 1302 2018 ἐτανύσσατο
1334 1975 1478 2031 χορδάσ

253 2119 288 2165 ¹)
313 2119 458 2156 Horum
484 2120 524 2156 in
549 2120 693 2167 hymno
720 2119 866 2156 mentio
890 2130 966 2155 non
992 2119 1048 2154 fit.
1074 2118 1130 2155 cf.
1157 2119 1266 2155 Hom.
1291 2133 1314 2159 φ
1331 2117 1399 2153 407
1418 2120 1559 2164 ῥηϊδίωσ
1574 2122 1730 2153 ἐτάνυσσε
1747 2121 1827 2163 νέην

203 2183 282 2227 περὶ
298 2181 437 2215 κόλλοπι
452 2182 591 2227 χορδήν,
618 2179 736 2215 Arist.
763 2178 876 2226 Vesp.
900 2178 971 2214 574
995 2185 1060 2223 τῆσ
1079 2180 1181 2226 ὀργῆσ
1204 2182 1261 2212 τὸν
1286 2178 1422 2213 κόλλοπ’
1446 2180 1592 2222 ἀνεῖμεν,
1618 2177 1706 2214 Luc.
1726 2176 1768 2213 D.
1786 2176 1831 2212 D.

205 2243 227 2280 7
254 2237 480 2286 (κολλάβονσ).

137 2342 145 2347 ..
253 2296 288 2344 ²)
325 2296 452 2333 Variis
494 2296 725 2332 coniecturis
762 2297 864 2332 hunc
901 2307 1053 2332 versum
1091 2298 1289 2331 tentatum
1327 2306 1407 2330 esse
1445 2295 1532 2341 scio,
1579 2294 1672 2341 quin
1710 2293 1829 2329 etiam

157 2348 176 2373 ·’
207 2354 411 2392 Matthiaei
457 2357 719 2392 coniecturam
755 2360 926 2403 τηρήνασ
960 2366 1028 2402 pro
1066 2359 1234 2402 πειρήνασ
1269 2353 1379 2389 valde
1417 2351 1512 2388 mihi
1547 2353 1695 2400 placere
1729 2352 1832 2388 haud

202 2425 311 2463 nego.
343 2415 529 2452 Attamen
562 2415 796 2462 Koettgenia
829 2414 934 2462 (pag.
968 2414 1032 2459 65)
1069 2413 1183 2449 verba
1216 2413 1365 2448 tradita
1397 2413 1481 2448 iure
1513 2412 1709 2447 vindicare
1735 2411 1831 2447 mihi

203 2474 369 2520 videtur,
399 2486 499 2522 quae
532 2474 690 2511 verbum
726 2477 811 2519 πῆξε
839 2485 926 2509 cum
956 2476 1015 2508 διὰ
1045 2476 1160 2519 ῥινοῖο,
1195 2472 1441 2519 participium
1473 2476 1639 2518 πειρήνασ
1662 2482 1748 2507 cum
1774 2474 1833 2506 διὰ

203 2537 293 2570 νῶτα
305 2533 541 2581 coniungens
554 2534 608 2570 sic
625 2533 810 2581 explicat:
833 2538 1042 2581 „wopaina
1058 2532 1182 2567 forma
1199 2531 1327 2567 Ionica
1344 2535 1415 2575 est,
1432 2531 1493 2566 cui
1511 2530 1643 2565 Attica
1661 2534 1833 2576 περαίνειν

203 2593 252 2629 ab
281 2593 413 2629 eodem
454 2593 567 2629 verbo
613 2593 812 2640 primitivo
850 2592 1100 2640 ’περ-Γαίνειν
1133 2590 1306 2627 derivata
1339 2588 1556 2636 respondet.
1591 2589 1631 2623 In
1667 2588 1832 2624 dialecto

203 2651 336 2688 Attica
372 2652 442 2688 hoc
478 2651 635 2688 verbum
675 2652 868 2687 translate
905 2653 1135 2698 usurpatum
1176 2650 1277 2685 sicut
1309 2649 1347 2684 in
1383 2648 1573 2695 Odysseae
1607 2648 1704 2683 libro
1738 2663 1762 2689 μ
1787 2647 1831 2682 37

204 2710 430 2759 plerumque
475 2710 670 2757 significat
711 2721 792 2746 rem
834 2710 1031 2757 quandam
1066 2709 1114 2744 ad
1149 2709 1262 2743 finem
1298 2707 1514 2754 perducere.
1550 2705 1832 2752 Significationi

203 2772 334 2806 autem
372 2769 644 2806 translaticiae
676 2769 907 2816 respondere
938 2769 1036 2804 solet
1062 2767 1226 2814 propria,
1251 2777 1380 2813 quam,
1406 2766 1570 2812 priorem
1598 2766 1680 2800 sine
1706 2764 1832 2810 dubio,

203 2829 274 2864 hoc
311 2829 447 2875 hymni
480 2829 519 2864 in
553 2828 786 2864 Mercurium
813 2829 893 2863 1000
919 2827 1029 2862 nobis
1055 2830 1246 2862 servatam
1273 2836 1354 2860 esse
1382 2828 1482 2870 puto.
1511 2824 1634 2858 Verbo
1660 2826 1833 2869 πηγνύναι

205 2899 296 2924 usus
340 2891 455 2934 poeta
492 2888 679 2935 expressit
717 2887 831 2923 deum
870 2886 1080 2922 arundines
1116 2888 1237 2920 testae
1275 2883 1459 2927 infixisse,
1503 2882 1615 2918 verbo
1661 2887 1834 2929 περαίνειν

205 2946 316 2982 illum
351 2957 416 2982 eas
448 2949 507 2981 διὰ
537 2949 639 2990 νῶτα,
675 2957 743 2993 per
773 2947 940 2992 tergum,
974 2945 1072 2989 „den
1106 2943 1260 2979 Rficken
1295 2943 1492 2987 entlang”,
1527 2944 1572 2976 ut
1596 2940 1834 2976 Germanicis

203 3008 296 3040 utar
331 3005 468 3051 verbis,
506 3016 626 3052 usque
665 3005 714 3040 ad
752 3004 881 3048 finem,
918 3004 989 3041 i.e.
1027 3002 1262 3038 contrariam
1296 3011 1401 3035 oram
1430 2999 1686 3046 perduxisse.''
1713 2999 1767 3035 Cf.
1794 3002 1833 3034 et

205 3063 448 3110 Ebelingium
490 3075 555 3101 s.v.
592 3068 781 3111 πειραίνειν
818 3062 865 3098 ad
902 3078 925 3108 χ
960 3061 1042 3098 175.
1080 3061 1142 3096 Sic
1180 3063 1310 3096 autem
1350 3058 1565 3094 necessaria
1601 3060 1662 3093 est
1692 3058 1832 3093 Allenii

206 3122 428 3158 coniectura
452 3123 510 3170 (in
536 3123 594 3159 ed.
620 3123 686 3158 Ox.
710 3121 823 3169 1912)
849 3126 936 3156 κατὰ
961 3124 1061 3157 νῶτα.

1764 3175 1789 3209 4
