2274 3750
904 353 1138 394 ...69-

207 480 374 526 tradita
396 481 553 525 omnia
575 482 669 526 fere
691 482 741 525 in
761 481 934 525 incerto
957 480 1206 538 reliquisse.
1231 481 1420 524 Prorsus
1435 480 1577 536 igitur
1594 479 1837 525 Pearsonio

205 551 472 609 adstipulor,
515 551 596 596 ubi
633 552 790 597 scribit
821 552 907 607 (ed.
941 567 1043 609 pag.
1077 552 1203 609 231):
1241 551 1464 607 „nothing
1494 551 1532 594 is
1563 549 1836 594 discernible

207 622 319 667 with
366 622 528 679 regard
573 626 620 666 to
667 624 745 667 the
791 637 980 679 scenery
1022 623 1071 666 of
1103 623 1181 666 the
1223 623 1449 666 Ichneutae
1496 621 1647 666 which
1689 620 1837 664 either

206 698 418 751 supports
451 709 501 737 or
532 694 634 738 tells
665 695 846 751 against
877 695 955 737 the
987 694 1254 750 hypothesis
1286 694 1334 736 of
1361 708 1421 736 an
1454 692 1578 748 early
1610 691 1758 736 date.”

264 764 371 810 VII.
421 765 552 816 Quod
585 765 642 809 ad
674 765 884 822 linguam
916 765 1114 822 denique
1146 764 1357 822 pertinet,
1389 778 1480 820 qua
1512 763 1757 820 Sophocles
1788 763 1837 805 in

205 835 535 893 Indagatorum
581 836 850 892 fragmentis
897 850 1004 879 usus
1046 839 1125 889 est,
1168 836 1261 878 iam
1303 835 1458 878 statim
1495 849 1602 877 cum
1632 833 1836 877 fabulam

204 907 308 966 legi,
341 907 602 966 conspicere
634 907 751 949 mihi
783 907 973 951 videbar
1004 907 1241 964 complura
1272 910 1317 950 et
1346 905 1568 950 vocabula
1589 909 1634 948 et
1655 904 1836 948 dicendi

129 993 136 999 ·
203 978 438 1031 formulas,
487 992 618 1036 quae,
665 978 878 1035 quamvis
926 978 1130 1031 rariores,
1179 981 1336 1020 tamen
1382 990 1476 1019 non
1523 975 1671 1019 solum
1713 975 1836 1032 apud

206 1049 399 1107 tragicos
440 1049 520 1092 sed
560 1049 804 1109 praecipue
845 1049 969 1106 apud
1012 1048 1370 1104 Aristophanem
1401 1047 1477 1093 hic
1508 1046 1602 1090 illic
1633 1045 1836 1090 invenie-

203 1118 386 1164 bantur.
442 1120 569 1172 Quae
622 1120 778 1163 omnia
828 1123 984 1177 postea
1036 1133 1176 1177 quam
1228 1117 1566 1162 accuratissime
1618 1117 1834 1174 excerpsi,

202 1190 324 1235 hanc
369 1195 527 1235 tamen
573 1190 690 1234 mihi
735 1191 978 1247 imponens
1019 1190 1180 1246 legem,
1205 1193 1256 1232 ut
1302 1203 1355 1232 ea
1386 1188 1707 1232 tantummodo
1738 1187 1835 1231 seli-

202 1276 372 1318 gerem,
421 1276 538 1319 quae
586 1261 695 1304 alibi
745 1261 817 1306 vel
870 1261 991 1318 apud
1046 1260 1318 1317 Sophoclem
1370 1260 1535 1316 ipsum,
1565 1259 1662 1303 .vel
1712 1258 1835 1316 apud

203 1333 486 1390 Aeschylum
538 1333 808 1390 Euripidem
861 1332 1217 1388 Aristophanem
1277 1330 1505 1374 rarissime
1562 1330 1834 1389 legerentur,

204 1403 466 1462 exciperem
513 1408 669 1447 autem
717 1418 783 1458 ea,
831 1418 961 1461 quae,
1010 1406 1165 1459 utpote
1213 1402 1362 1445 omnis
1407 1401 1610 1458 poeticae
1649 1400 1835 1456 linguae

202 1476 480 1530 communia,
513 1475 611 1518 sine
638 1474 734 1518 ullo
762 1474 1024 1517 discrimine
1053 1474 1174 1530 apud
1198 1487 1356 1516 omnes
1377 1473 1576 1516 scenicos
1597 1471 1836 1529 scriptores

202 1547 382 1604 saepius
428 1549 731 1590 occurrerent.
779 1545 901 1597 Quid
948 1548 1103 1587 autem
1149 1544 1197 1586 in
1243 1544 1398 1587 animo
1444 1543 1703 1587 habebam?
1744 1542 1836 1586 Ad-

203 1618 405 1662 monitus
451 1617 614 1661 studiis
660 1617 757 1659 istis
805 1616 1064 1670 Platonicis,
1111 1615 1330 1659 stetistica
1352 1615 1386 1670 1)
1437 1628 1553 1672 quae
1605 1614 1834 1671 dicuntur,

204 1689 374 1747 quibus
405 1715 463 1721 —
487 1702 571 1732 nec
604 1688 700 1731 sine
732 1687 859 1730 111010
876 1701 1057 1730 sane—
1076 1686 1162 1731 viri
1180 1686 1300 1729 docti
1323 1685 1531 1728 ordinem
1548 1684 1834 1742 dialogorum

204 1763 402 1804 statuere
443 1760 595 1804 conati
637 1762 757 1812 sunt,
800 1758 1062 1802 admonitus
1105 1760 1150 1799 et
1183 1756 1438 1813 Marquarti
1469 1755 1661 1811 analysi,
1694 1768 1833 1811 quam

204 1845 313 1886 „zur
357 1831 558 1889 Sprache
605 1830 684 1873 des
717 1828 969 1885 Kyklops.'’
1013 1827 1266 1884 composuit
1308 1826 1399 1884 (1.1.
1445 1826 1551 1882 Cap.
1595 1826 1675 1881 ΙΙ),
1717 1839 1833 1882 quae

203 1902 362 1946 omnia
399 1901 519 1946 clare
550 1900 682 1945 nobis
713 1901 1030 1944 demonstrant
1059 1913 1153 1942 non
1185 1898 1331 1942 solum
1364 1911 1512 1940 unum
1543 1895 1833 1956 eundemque

203 1973 470 2031 scriptorem
517 1972 656 2017 variis
702 1985 809 2014 suae
856 1971 977 2014 vitae
1025 1968 1307 2026 temporibus
1353 1982 1487 2010 suum
1539 1967 1625 2010 sibi
1676 1966 1833 2010 stilum

204 2044 486 2103 modumque
527 2043 710 2086 dicendi
751 2042 933 2096 habere,
977 2041 1054 2084 sed
1087 2040 1226 2083 etiam
1256 2039 1406 2083 varios
1438 2037 1642 2081 eiusdem
1673 2038 1833 2082 aetatis

202 2115 398 2165 artifices
450 2114 690 2172 permultis
748 2112 981 2158 vocabulis
1032 2110 1330 2167 formulisque
1384 2109 1450 2152 uti
1502 2109 1657 2162 solere,
1716 2122 1832 2165 quae

202 2186 342 2245 simul
382 2200 541 2230 omnes
582 2199 689 2242 prae
732 2184 890 2227 ceteris
932 2183 981 2225 in
1023 2182 1196 2226 deliciis
1235 2180 1436 2224 habeant
1481 2180 1559 2234 ita,
1591 2183 1643 2222 ut
1673 2179 1833 2222 eodem

205 2257 426 2302 vocabulo
467 2257 636 2300 rariore
670 2255 860 2299 diversis
891 2254 1000 2297 locis
1031 2253 1100 2296 bis
1132 2257 1256 2295 terve
1290 2255 1480 2308 reperto,
1515 2249 1831 2294 veridissimile

204 2343 298 2372 non
335 2328 393 2371 sit
428 2328 562 2382 locos,
604 2326 685 2370 ubi
726 2326 812 2375 hoc
854 2324 1128 2369 vocabulum
1172 2323 1362 2379 legatur,
1406 2321 1566 2364 eodem
1597 2321 1690 2364 fere
1722 2324 1833 2363 tem-

203 2414 312 2458 pore
353 2399 625 2456 compositos
667 2412 775 2452 esse,
818 2423 875 2428 —-
917 2396 1003 2439 hoc
1044 2395 1186 2451 igitur
1217 2398 1370 2437 mente
1402 2397 1562 2436 tenens
1593 2390 1831 2448 sperabam

204 2475 251 2514 et
279 2485 404 2523 nunc
434 2471 623 2513 fortasse
654 2468 786 2512 nobis
817 2467 956 2511 simili
989 2465 1326 2523 comparatione
1357 2463 1568 2506 instituta
1608 2462 1831 2505 indicium

204 2542 527 2599 quodcumque
559 2540 789 2597 temporis,
823 2553 914 2596 quo
946 2538 1113 2594 scripta
1144 2537 1201 2579 sit
1232 2535 1398 2587 fabula,
1431 2533 1635 2577 oblatum
1668 2533 1738 2576 iri.

263 2612 502 2656 Eiusmodi
543 2626 637 2663 esse
678 2610 879 2653 indicem
922 2623 1003 2666 per
1043 2622 1089 2651 80
1121 2607 1229 2650 satis
1260 2606 1496 2648 infirmum
1530 2604 1720 2646 minime
1758 2618 1830 2646 me

204 2683 421 2740 fugiebat,
455 2683 533 2726 sed
566 2687 721 2726 tamen
748 2706 805 2712 —--
837 2685 888 2724 ut
908 2680 957 2723 in
979 2679 1159 2723 iudiciis
1182 2677 1283 2721 testi
1308 2676 1379 2720 vel
1402 2676 1603 2718 maxime
1625 2678 1831 2730 suspecto

205 2755 344 2799 fidem
400 2753 582 2807 habeas,
639 2753 675 2796 si
719 2751 1035 2796 testimonium
1081 2750 1177 2793 eius
1222 2763 1249 2791 a
1297 2747 1456 2790 ceteris
1502 2745 1692 2789 testibus
1737 2759 1830 2788 non

205 2825 449 2869 abhorreat
479 2850 537 2857 --
564 2824 627 2867 sic
664 2828 706 2867 et
740 2837 822 2878 ego
855 2821 1077 2866 eiusmodi
1111 2818 1303 2863 tabellae
1334 2817 1558 2860 indicium
1589 2814 1828 2872 sperabam

258 3002 291 3048 ¹)
323 2999 690 3049 „Sprachstatistik”
716 2999 763 3035 cf.
788 3008 886 3044 quae
912 2996 958 3032 de
983 2999 1068 3032 tota
1094 2995 1164 3030 hac
1191 2992 1369 3030 methodo
1396 2992 1552 3037 eiusque
1577 2988 1832 3025 sectatoribus

205 3061 316 3098 docte
349 3059 592 3106 dilucideque
625 3057 841 3106 disputavit
873 3055 1020 3091 amicus
1052 3065 1158 3090 meus
1191 3052 1251 3088 W.
1285 3052 1324 3086 E.
1350 3051 1381 3087 J.
1406 3050 1552 3096 Kuiper
1575 3049 1614 3084 in
1641 3047 1737 3084 libro
1762 3058 1829 3083 suo

205 3120 278 3166 „de
301 3119 450 3167 Lysidis
475 3118 618 3164 dialogi
643 3116 802 3163 origine,
827 3118 1010 3161 tempore,
1036 3112 1226 3149 consilio.’‘
1252 3110 1430 3157 (Zwollae
1455 3108 1578 3154 1909.)
