2274 3750
1202 292 1409 334 -6-

491 436 607 475 mus,
653 435 791 478 quam
836 427 994 478 aptum
1040 421 1114 464 hic
1155 421 1371 478 praebeat
1413 437 1610 476 sensum,
1655 423 1903 476 neminem,
1946 424 2120 480 opinor,

492 493 614 535 latet.
655 491 766 534 Coll.
802 492 1015 548 Xenoph.
1049 491 1162 548 Cyn.
1196 492 1253 535 X.
1288 492 1336 536 5:
1375 492 1562 543 ,ἐπειδὰν
1583 493 1623 534 δὲ
1646 491 1768 549 λάβηι
1789 496 1918 534 αὐτοῦ
1945 495 1997 534 τὰ
2019 494 2122 549 ἴχνη,

494 564 661 603 ἕπεσθαι
679 561 770 615 ἑξῆσ
788 570 850 616 τῆι
869 563 1028 618 ἶχνεύσει
1047 563 1259 618 ἡγουμένηι
1276 562 1555 608 ἀκολουθίαι.”
1569 563 1862 620 Vollgraffius
1876 562 2124 606 ἀκολουθίαν

494 648 588 678 esse
621 646 789 688 agmen
822 648 992 677 canum
1024 634 1354 688 venaticorum‚
1397 633 1564 691 quibus
1595 635 1838 679 comitatus
1869 634 2034 692 Apollo
2075 635 2124 678 in

494 718 678 748 scenam
707 703 962 759 intraverit,
987 704 1198 761 lepidius,
1215 709 1268 748 ut
1287 705 1405 748 mihi
1432 706 1628 760 videtur,
1647 719 1784 763 quam
1805 707 1958 750 verius
1979 706 2126 749 conie-

495 776 569 819 cit.
596 775 714 819 Nam
741 778 812 819 fac
836 789 893 818 ex
915 775 1013 819 loco
1038 775 1361 832 Xenophontis
1384 775 1727 820 obscurrissimo
1743 777 1864 820 hanc
1881 776 2127 819 ἀκολουθίασ

497 847 880 903 significationem
923 847 1025 890 elici
1062 860 1205 903 posse,
1249 847 1371 903 quod
1403 861 1486 903 ego
1518 862 1613 890 non
1649 848 1796 902 credo,
1833 849 1904 892 fac
1939 852 2128 892 annota-

498 918 670 963 tionem
688 936 745 964 ex
762 919 906 963 Bekk.
925 918 1097 962 Anecd.
1118 917 1254 961 modo
1271 918 1459 962 citatam
1476 918 1584 962 hinc
1600 919 1800 963 alienam
1819 934 1927 974 esse,
1945 934 2129 977 prorsus

498 1005 591 1033 non
637 992 867 1047 intelleg0‚
911 1003 1050 1047 quem
1091 989 1308 1046 praebeat
1349 1004 1534 1033 sensum
1566 1005 1656 1035 vox
1689 989 1912 1033 ἀκολουθία
1943 994 2129 1047 (canum

499 1066 699 1120 caterva)
730 1063 825 1107 sive
858 1075 963 1105 cum
996 1061 1176 1114 Ξμμανήσ
1207 1061 1302 1105 sive
1335 1075 1441 1104 cum
1474 1070 1676 1115 κυνηγετῶ
1704 1062 1948 1106 coniuncta
1980 1076 2130 1119 neque

500 1132 860 1178 demonstrativo
882 1132 1155 1189 pronomine
1178 1131 1302 1189 (τῇιδε
1323 1141 1388 1187 try:
1406 1130 1659 1191 ἀκολουθίαι)
1677 1133 1820 1177 careri
1837 1148 1965 1191 posse
1982 1133 2129 1177 credO.

558 1273 750 1320 16-32,
783 1274 850 1317 De
883 1274 1112 1332 Apollinis
1143 1275 1320 1319 itinere.

561 1345 672 1390 Coll.
706 1345 866 1402 hymn.
900 1346 1039 1389 Merc-
1075 1347 1160 1389 186
1194 1347 1454 1402 Ὀγχηστόνδ’
1486 1348 1653 1399 ἀφίκανε
1686 1348 1791 1398 κιών,
1829 1348 1908 1390 191
1933 1349 2032 1402 βοῦσ
2052 1348 2135 1389 ἀπὸ

507 1487 738 1531 noscimus
770 1488 819 1531 in
850 1488 1026 1544 hymno
1059 1488 1325 1545 Apollinem
1357 1489 1498 1534 boves
1530 1503 1633 1533 suas
1655 1493 2005 1546 persequentem
2028 1490 2139 1545 inde

505 1575 532 1603 a
565 1559 714 1602 Pieria
735 1574 817 1616 per
838 1558 1122 1603 Onchestum
1144 1560 1202 1603 ad
1224 1564 1429 1604 montem
1453 1561 1675 1618 Cyllenen
1697 1561 1962 1618 perrexisse.
1986 1560 2137 1613 Quam

506 1635 662 1674 autem
694 1630 831 1673 stulte
865 1634 910 1673 et
939 1631 1111 1674 incerte
1145 1635 1293 1674 totum
1316 1632 1402 1675 hoc
1430 1631 1718 1675 itinerarium
1741 1633 2045 1689 compositum
2065 1632 2138 1686 sit,

508 1716 650 1746 nemo
687 1701 852 1744 clarius
893 1701 1049 1745 docuit
1095 1716 1236 1759 quam
1283 1703 1518 1760 Kuiperus
1565 1703 1614 1745 in
1661 1703 1832 1747 Mnem.
1880 1702 2138 1748 XXXVIII

509 1774 581 1831 (N.
606 1773 667 1828 S.)
701 1786 804 1829 pag.
839 1773 863 1815 1
886 1787 999 1830 sqq„
1033 1773 1126 1827 ubi,
1159 1774 1315 1817 solidis
1346 1774 1473 1818 nisus
1505 1774 1801 1831 argumentiS‚
1835 1775 2009 1831 optimo
2040 1774 2138 1818 iure

510 1843 733 1888 conclusit
773 1843 938 1900 hymni
979 1849 1227 1899 auctorem,
1271 1846 1598 1903 topographiae
1640 1845 1924 1902 imperitum,
1963 1848 2140 1889 certum

510 1917 596 1959 iter
637 1914 892 1958 describere
924 1930 1008 1958 nec
1049 1916 1249 1972 potuisse
1291 1931 1375 1960 nec
1417 1917 1628 1971 voluisse,
1670 1917 1748 1960 sed
1792 1921 1842 1959 ut
1880 1916 1955 1973 pia
1987 1919 2141 1959 mente

511 1986 780 2032 vetustiores
823 1987 971 2043 mythi
1016 1988 1184 2030 formas
1222 1987 1374 2032 adhuc
1407 1989 1455 2031 in
1488 1989 1752 2045 aequalium
1786 1987 2008 2031 memoria
2038 1987 2142 2030 hae·

513 2062 663 2102 rentes
681 2071 864 2114 quoquo
888 2058 1022 2101 modo
1046 2058 1290 2115 colligeret,
1309 2059 1395 2102 sibi
1414 2060 1713 2116 proposuisse.
1747 2058 1878 2111 Quod
1897 2058 1934 2102 si
1951 2062 2142 2111 constat,

513 2128 786 2186 Sophoclem
828 2128 915 2172 hac
957 2129 1006 2172 in
1049 2144 1097 2173 re
1138 2130 1314 2186 hymno
1347 2130 1558 2188 exemplo
1591 2145 1726 2174 usum
1759 2145 1852 2173 non
1885 2145 1980 2173 esse
2011 2129 2142 2173 facile

515 2200 810 2256 intellegitur,
844 2214 954 2243 nam
986 2205 1259 2257 argumento
1287 2206 1392 2258 apte
1425 2202 1695 2245 cohaerente
1722 2206 1859 2259 atque
1882 2200 2143 2244 narratione

515 2288 542 2315 a
585 2271 703 2315 veris
745 2285 839 2314 non
881 2271 1081 2314 nimium
1122 2273 1319 2316 distante
1362 2288 1475 2330 opus
1507 2277 1574 2316 est
1604 2273 1658 2327 ei,
1693 2273 1773 2330 qui
1805 2273 1973 2315 iustam
2005 2275 2146 2315 mate-

517 2344 632 2386 riem
665 2342 714 2384 in
746 2342 925 2399 pulpito
958 2343 1175 2387 exhibere
1209 2344 1333 2399 velit,
1367 2344 1488 2401 quod
1523 2348 1641 2388 certe
1673 2348 1807 2400 poeta
1839 2357 1933 2387 non
1953 2343 2145 2396 fecisset,

518 2415 555 2459 si
601 2414 766 2470 hymni
813 2414 1023 2457 ordinem
1070 2414 1356 2459 auditoribus
1402 2415 1593 2472 probare
1640 2415 1870 2459 voluisset.
1919 2413 2007 2457 Sed
2053 2413 2146 2457 iam

520 2484 760 2542 Sophoclei
794 2484 1023 2541 Apollinis
1054 2486 1141 2529 iter
1172 2486 1470 2543 inspiciamus
1501 2490 1547 2529 ct
1578 2486 1781 2543 primum
1809 2489 2077 2539 statuamus,
2100 2498 2149 2527 u-

523 2558 680 2600 binam
712 2559 842 2612 prata
874 2555 954 2599 illa
985 2557 1170 2612 suerint,
1201 2557 1303 2600 ἔνθα
1334 2563 1441 2599 θεῶν
1473 2558 1664 2611 μακάρων
1696 2558 1786 2612 (iam
1816 2556 2010 2612 ἄμβροτοι
2031 2551 2150 2598 αὖλιν

523 2628 685 2684 ἔχεσκον,
731 2641 839 2668 nam
879 2626 985 2670 inde
1033 2628 1295 2685 Apollinem
1337 2629 1423 2672 iter
1451 2628 1682 2685 *incepisse
1714 2642 1850 2671 nemo
1882 2642 1975 2670 non
2009 2626 2148 2670 videt.

523 2697 702 2755 Hymni
745 2701 980 2741 auctorem
1021 2713 1188 2756 pascua
1229 2700 1278 2742 in
1311 2699 1461 2743 Pieria
1492 2699 1710 2743 locavisse
1742 2699 1836 2742 iam
1868 2712 2005 2754 supra
2035 2696 2151 2740 dixi-

524 2784 640 2822 mus,
688 2767 765 2810 sed
818 2772 993 2812 ceterae
1036 2771 1186 2827 mythi
1229 2771 1459 2815 versiones
1502 2770 1639 2826 vulgo
1697 2770 1867 2812 Pheras
1913 2767 2151 2812 Thessalas

525 2852 780 2897 agrumque
799 2838 985 2883 Admeti
1003 2841 1257 2886 nominant.
1277 2842 1438 2898 Itaque
1456 2841 1530 2886 vel
1543 2841 1651 2883 hinc
1663 2840 1736 2885 vel
1748 2840 1876 2883 illinc
1888 2838 2150 2896 Apollinem

526 2917 680 2967 ἐμμανῆ
714 2919 996 2963 κυνηγετοῦντα
1027 2917 1072 2956 et
1105 2911 1300 2954 παντελὲσ
1321 2914 1486 2966 κήρυγμ’
1509 2911 1651 2967 ἔχοντα
1672 2912 1758 2955 iter
1779 2911 2036 2967 ingressum
2057 2923 2152 2952 esse

528 2984 717 3029 constat.
751 2980 887 3024 Errat
918 2982 1083 3027 deinde
1115 2999 1196 3041 per
1218 2984 1367 3028 varias
1388 2987 1547 3040 gentes
1568 2982 1808 3040 variasque
1831 2996 1912 3039 per
1932 2981 2151 3038 regiones,

530 3066 727 3115 quarum
760 3057 951 3100 nomina
982 3059 1135 3098 textus
1166 3055 1361 3099 traditus
1393 3055 1500 3098 satis
1527 3054 1716 3098 obscure
1738 3054 1801 3097 sic
1828 3067 1910 3096 nos
1941 3051 2094 3095 docet:
