2274 3750
1196 371 1431 414 -66-

498 514 614 558 quae
656 499 735 543 ubi
777 499 834 543 de
875 472 1042 544 fabulis
1085 500 1346 557 Sophocleis
1379 504 1593 557 aguntur,
1624 501 1708 544 hos
1739 500 1872 545 nobis
1904 499 2129 558 praebent
2195 528 2198 530 -
2271 487 2274 526 ἶ

497 585 735 615 numeros:

561 643 680 695 „Fiir
711 642 784 685 die
812 642 1193 699 sophokleischen
1215 642 1406 686 dramen
1428 643 1578 698 ergibt
1597 643 1694 686 sich
1714 643 1926 699 folgende
1948 642 2127 686 reihen-

496 713 637 768 folge:
671 712 853 756 Electra
885 713 1037 770 (1136)
1070 714 1155 756 mit
1187 714 1256 767 53,
1291 714 1522 769 Antigone
1551 713 1672 771 (916)
1701 714 1787 756 mit
1808 714 1877 768 44,
1902 713 2127 756 Philoctet

496 784 647 840 (1088)
683 784 769 827 mit
806 784 905 839 130,
945 784 1146 841 Oedipus
1178 785 1260 827 auf
1288 784 1487 827 Gelonus
1519 784 1671 842 (1277)
1703 785 1789 828 mit
1821 785 1890 838 84,
1924 783 2126 841 Oedipus

495 855 595 898 Rex
637 854 791 912 (1197)
832 855 918 898 mit
950 856 1019 909 84,
1059 855 1169 898 Aias
1200 855 1353 912 (1032)
1385 856 1471 898 mit
1503 856 1571 909 76,
1605 856 1678 899 die
1711 855 2125 899 Trachinierinnen

495 926 616 981 (983)
648 926 734 969 mit
766 926 821 970 79
853 926 1203 983 aufliisungen.'’

555 996 762 1048 Quorum
795 1011 1097 1040 numerorum
1129 1011 1310 1040 summa
1343 1001 1410 1041 est
1439 998 1575 1041 haec:

494 1068 675 1111 Electra
702 1069 822 1112 trim.
848 1082 1030 1126 quoque
1049 1069 1134 1112 vic.
1153 1069 1289 1126 prim.
1333 1068 1471 1126 (21.5)
1483 1068 1892 1111 habettrimetrum
1907 1068 2122 1111 solutum.

493 1139 725 1195 Antigone
763 1175 780 1192 ,‚
941 1174 958 1192 „
1061 1139 1278 1183 vicesimo
1335 1139 1472 1196 (20.5)
1539 1173 1558 1189 ,,

493 1209 543 1253 Ο.
578 1209 625 1253 O.
766 1245 783 1263 „
944 1245 961 1263 ‚‚
1063 1210 1334 1267 dec.quinto

492 1281 544 1325 Ο.
578 1282 631 1325 R.
766 1317 783 1334 ‚‚
825 1326 829 1330 .
943 1316 960 1334 ‚2
1063 1282 1334 1339 dec.quarto
1540 1317 1557 1334 „

492 1353 624 1395 Aiax.
760 1386 779 1403 ‚‚
939 1387 955 1405 „
1060 1353 1304 1397 dec.tertio
1345 1353 1485 1410 (13.5)
1538 1388 1554 1404 ,,

490 1424 563 1467 Tr.
761 1459 777 1476 „
939 1459 955 1477 ‚,
1053 1424 1326 1467 duodecimo
1339 1424 1475 1482 (12.5)
1539 1458 1556 1476 ,,

491 1495 683 1539 Philoct.
761 1530 778 1548 „
939 1529 955 1547 ‚,
1058 1498 1217 1539 octavo

548 1566 843 1623 Quamquam
885 1565 1020 1622 longe
1062 1565 1202 1620 abest,
1246 1569 1297 1609 ut
1339 1566 1412 1608 his
1455 1565 1660 1609 numeris
1700 1568 1973 1622 argumento
2011 1578 2120 1608 usus

488 1651 570 1693 pro
603 1641 724 1680 certo
757 1636 1027 1680 confirmare
1060 1637 1264 1680 audeam
1289 1636 1587 1693 Indagatores
1612 1636 1815 1680 fabulam
1844 1636 2005 1680 eodem
2026 1636 2119 1679 fere

488 1712 706 1765 tempore,
751 1722 841 1765 quo
883 1707 1066 1751 Electra
1098 1711 1143 1750 et
1175 1707 1421 1764 Antigone,
1455 1708 1673 1765 scriptam
1705 1722 1813 1762 esse,
1845 1711 2001 1751 tamen
2033 1707 2120 1750 hoc

488 1783 685 1822 statuere
727 1779 859 1822 nobis
901 1779 1008 1822 licet
1047 1778 1254 1821 fabulam
1306 1782 1403 1822 tam
1454 1793 1622 1836 paucos
1673 1780 1903 1822 trimetros
1949 1778 2120 1822 solutos

488 1851 801 1893 continentem
828 1850 949 1893 inter
970 1851 1231 1907 antiquiores
1253 1850 1454 1906 profecto
1472 1849 1735 1893 habendam
1753 1863 1872 1904 esse;
1890 1853 2119 1907 quantum

487 1921 685 1978 denique
697 1921 916 1978 temporis
927 1921 1128 1977 spatium
1140 1921 1260 1964 inter
1271 1925 1448 1964 nostros
1459 1925 1633 1977 satyros
1641 1920 1780 1978 (trim.
1791 1921 1889 1975 230,
1902 1921 2024 1964 trim.
2038 1920 2117 1964 sol.

488 1993 560 2049 18)
584 1996 628 2035 et
651 1992 884 2049 Euripidis
902 1991 1149 2048 Cyclopem
1170 1992 1310 2045 (trim.
1334 1992 1433 2046 596,
1458 1993 1580 2035 trim.
1606 1992 1685 2035 sol.
1709 1992 1814 2048 239)
1835 1991 2116 2035 intercedere

487 2062 735 2107 verisimile
767 2062 838 2116 sit,
871 2062 1107 2104 neminem
1140 2062 1301 2119 opinor
1332 2062 1462 2118 fugit.

544 2276 604 2319 II.
638 2275 894 2320 Annotavit
951 2275 1327 2319 Wilamowitzius
1382 2276 1432 2318 in
1458 2275 1623 2318 'AnaL
1673 2275 1828 2332 Eurip.
1878 2290 1980 2332 pag.
2030 2275 2116 2319 195

485 2347 758 2404 Sophoclem
796 2346 1158 2403 Euripidemque
1200 2347 1250 2389 in
1281 2346 1448 2390 fabulis
1480 2346 1815 2404 antiquioribus
1847 2350 1945 2390 tum
1979 2347 2115 2390 modo

483 2432 640 2461 versus
672 2418 982 2475 interrupisse,
1017 2432 1121 2461 cum
1155 2432 1274 2471 „una
1296 2432 1402 2461 cum
1424 2418 1630 2460 numeris
1653 2418 1792 2461 etiam
1813 2418 2114 2474 grammatica

483 2489 766 2532 continuatio
813 2488 1172 2546 abrumpatur.'',
1223 2492 1378 2545 postea
1409 2493 1565 2532 antem
1601 2503 1784 2542 „versus
1816 2489 1984 2546 passim
2017 2489 2113 2532 sine

483 2575 535 2603 ea
576 2561 674 2617 lege
717 2561 909 2617 frangi.''
953 2560 1067 2603 Inde
1113 2561 1342 2617 profectus
1383 2560 1695 2617 Marquartius
1742 2562 1860 2618 (pag.
1909 2560 1966 2604 30
1996 2561 2114 2617 sqq.)

484 2631 699 2688 Aeschyli
768 2631 1004 2688 Sophoclis
1062 2630 1296 2688 Euripidis
1351 2645 1489 2688 opera
1550 2634 1757 2674 accurate
1819 2631 2013 2688 perlegit
2069 2634 2113 2674 et

482 2704 656 2746 versus'
694 2702 974 2759 interruptos
1030 2702 1283 2746 annotavit.
1338 2701 1516 2753 Quibus
1566 2702 1840 2759 computatis
1888 2701 2110 2744 eiusmodi

481 2787 699 2816 versuum
731 2774 853 2830 apud
888 2773 1161 2830 Sophoclem
1194 2777 1301 2816 sunt
1333 2774 1538 2816 numeri:

479 3020 805 3056 commentatione
822 3032 892 3056 sua
913 3021 982 3066 „de
999 3021 1127 3057 Aiacis
1145 3021 1341 3069 Sophoclei
1364 3022 1578 3058 Authentia
1596 3003 1636 3057 ct
1653 3022 1919 3069 Integritate.’'
1931 3022 2110 3070 (Traiect.

480 3078 526 3113 ad
568 3079 635 3115 Rh.
673 3078 798 3125 1881),
836 3091 934 3127 quae
971 3080 1128 3116 tabulae
1167 3081 1215 3116 ab
1249 3081 1308 3116 his
1334 3082 1534 3128 paululum
1561 3082 1715 3129 quidem
1743 3082 1938 3126 differunt,
1967 3081 2030 3117 sed
2064 3081 2110 3117 de

479 3149 628 3173 summa
654 3149 780 3174 rerum
809 3139 1068 3176 consentiunt.

2270 3528 2274 3538 -
2271 3477 2274 3483 .
2270 3427 2274 3438 ,.
2262 3295 2274 3406 ..Α-ι..-
2256 2895 2274 3288 μψῌι--μ,ὰ-ι-Λώἃ-έᾎ
2263 2728 2274 2886 ;ε.ι.-;.·.-φ....
2269 2641 2274 2716 ...u-v„
2270 2618 2274 2624 .
2273 2599 2274 2602 „
2270 2552 2274 2568 .-
