2274 3750
1192 355 1400 398 -2—

478 492 803 544 tantorumque
851 488 1056 532 virorum
1104 488 1160 531 de
1207 489 1372 532 nostris
1417 489 1580 533 litteris
1622 490 1794 547 optime
1826 491 2110 546 meritorum,

479 574 674 616 quorum
717 574 740 602 e
783 573 976 602 numero
1010 558 1411 603 Wilamowitzium
1450 564 1494 603 et
1525 561 1780 605 Robertum
1811 576 1919 619 prae
1951 563 2111 606 ceteris

478 630 782 673 nominandos
815 644 987 683 censeo,
1023 629 1103 686 qui
1130 630 1384 674 doctrinam
1408 645 1540 675 suam
1561 635 1698 689 atque
1720 632 1895 688 ingenii
1918 647 2112 677 acumen

476 702 599 745 hisce
647 701 853 758 reliquiis
899 702 1257 758 interpretandis
1304 703 1469 746 dedere
1517 703 1776 747 voluerunt.
1819 703 1956 757 Quid,
1989 704 2111 762 quod

479 773 704 815 Robertus
751 772 998 815 hodiernae
1046 786 1207 815 scenae
1255 772 1458 816 fabulam
1501 773 1718 830 adaptare
1750 778 1939 818 conatus
1970 778 2113 818 estet

477 843 585 886 satis
617 843 815 899 eleganti
847 842 1056 886 versione
1089 842 1228 885 etiam
1258 833 1457 887 Graecae
1480 844 1665 899 linguae
1686 845 1912 902 imperitis
1932 845 2112 888 aditum

477 914 534 956 ad
576 914 873 969 Indagatores
915 913 1161 969 patefecit?
1208 913 1341 957 Tales
1382 914 1523 970 igitur
1565 915 1702 958 duces
1739 919 1921 959 secutus
1952 920 1998 959 et
2028 930 2112 973 ego

477 985 769 1041 aliquantum
816 998 979 1041 operae
1025 985 1135 1027 huic
1182 983 1364 1028 fabulae
1406 985 1674 1042 impendere
1707 987 1845 1040 volui,
1880 991 1931 1030 ut
1961 987 2112 1044 inqui-

478 1070 625 1099 rerem
672 1070 853 1099 necnon
895 1055 1150 1108 definirem,
1193 1056 1305 1112 quid
1338 1057 1526 1100 tandem
1558 1062 1685 1107 esset,
1719 1059 1842 1115 quod
1874 1062 2111 1115 tantopere

477 1141 551 1169 me
597 1127 866 1180 delectaret;
916 1127 995 1183 qui
1044 1127 1141 1169 fieri
1184 1131 1345 1183 posset,
1391 1131 1442 1170 ut
1482 1127 1780 1184 Indagatores
1810 1129 1941 1173 alteri
1973 1129 2111 1172 huius

477 1197 661 1253 satyrici
692 1197 873 1254 generis
895 1197 1107 1254 exemplo
1129 1211 1481 1254 praeponerem;
1506 1198 1618 1256 quid
1639 1199 1748 1243 novi
1770 1200 1969 1257 denique
1991 1213 2112 1244 nova

477 1270 591 1313 haec
620 1270 881 1326 fragmenta
912 1269 1044 1313 nobis
1075 1270 1306 1314 afferrent.
1334 1270 1492 1314 Meum
1512 1269 1655 1326 igitur
1675 1271 1788 1314 duxi
1811 1275 1863 1314 ut
1882 1271 2112 1328 imprimis

477 1344 658 1384 textum
699 1340 830 1384 nobis
867 1340 1103 1395 traditum,
1137 1354 1228 1397 quo
1260 1341 1396 1384 modo
1428 1345 1545 1384 esset
1575 1341 1796 1398 legendus
1826 1341 2111 1399 supplendus

477 1411 865 1468 interpretandus,
898 1414 1160 1465 statuerem,
1194 1425 1311 1468 quae
1335 1415 1450 1455 esset
1470 1412 1656 1468 linguae
1678 1412 2111 1470 compositionisque

478 1481 720 1538 elegantia,
735 1495 1028 1539 exponerem,
1037 1481 1175 1525 simul
1187 1481 1563 1533 demonstrarem,
1574 1486 1855 1540 quantopere
1867 1482 2112 1540 Sophocles

478 1553 683 1597 moribus
699 1553 1003 1609 depingendis
1019 1553 1327 1609 spectantium
1343 1553 1548 1597 favorem
1565 1553 1651 1596 sibi
1669 1553 1911 1597 conciliare
1923 1558 2113 1598 conatus

478 1624 548 1667 sit.
583 1624 685 1675 Qua
714 1623 764 1666 in
795 1623 1172 1679 interpretatione
1205 1627 1433 1679 quantum
1465 1623 1566 1682 aliis
1597 1623 1803 1677 debeam,
1837 1623 1911 1669 vel
1942 1624 2111 1681 singuli

478 1708 636 1738 versus
667 1693 909 1738 docebunt.
942 1693 1120 1737 Deinde
1152 1694 1278 1737 haud
1309 1693 1389 1737 abs
1412 1708 1458 1737 re
1481 1695 1597 1737 mihi
1619 1695 1770 1739 visum
1793 1698 1860 1738 est
1881 1695 2112 1753 paulisper

478 1765 751 1808 commorari
773 1765 822 1807 in
843 1768 1063 1822 tempore,
1086 1778 1177 1821 quo
1200 1764 1355 1808 fabula
1376 1769 1531 1808 nostra
1551 1765 1718 1822 scripta
1740 1766 1809 1819 sit,
1833 1765 2111 1821 definiendO,

478 1851 573 1879 non
619 1836 741 1893 quod
788 1831 897 1880 novi
944 1835 1125 1892 aliquid
1162 1850 1236 1879 me
1278 1836 1567 1893 prolaturum
1599 1850 1693 1879 esse
1724 1851 1916 1893 sperem,
1949 1836 2028 1880 sed
2059 1840 2111 1880 ut

479 1907 617 1950 variis
648 1907 932 1963 argumentis
962 1907 1012 1949 in
1043 1921 1190 1949 unum
1223 1906 1411 1961 collatis,
1444 1907 1656 1962 graviora
1682 1921 1800 1963 quae
1821 1908 1911 1951 sint
1934 1921 2110 1965 quaeve

413 1977 416 1979 ’
477 1978 663 2033 leviora,
697 1992 838 2035 quam
865 1978 1203 2021 accuratissime
1225 1978 1508 2035 distinguam
1529 1981 1668 2035 atque
1690 1978 1766 2032 sic,
1790 1992 1906 2035 quae
1929 1992 2110 2022 summa

480 2049 618 2092 huius
650 2049 708 2092 sit
739 2050 1032 2106 quaestioniS,
1066 2049 1255 2092 clariore
1288 2050 1335 2092 in
1369 2049 1470 2093 luce
1500 2064 1685 2106 ponam.

539 2121 605 2163 De
639 2120 873 2177 Sophoclis
899 2121 1042 2176 igitur
1077 2121 1239 2176 satyris
1271 2121 1308 2163 si
1330 2120 1530 2177 amplius
1551 2120 1860 2177 disputavero,
1883 2121 1932 2163 in
1953 2121 2109 2164 animo

478 2191 625 2234 habeo
657 2196 702 2234 et
733 2191 942 2248 Cyclopis
974 2191 1211 2248 Euripidei
1244 2191 1620 2249 compositionem
1648 2192 1926 2246 examinare,
1949 2192 2036 2235 hoc
2058 2195 2111 2235 ut

478 2263 725 2319 inquiram,
758 2277 875 2320 quae
907 2261 1110 2306 habeant
1140 2263 1257 2306 duae
1283 2263 1464 2307 fabulae
1487 2263 1681 2317 diversa,
1703 2277 1927 2320 quaeque,
1951 2266 2109 2320 utpote

418 2339 422 2343 ’
479 2334 618 2376 totius
663 2338 922 2391 satyrorum
970 2334 1150 2390 generis
1197 2334 1393 2391 propria,
1442 2335 1562 2377 inter
1608 2348 1654 2377 se
1696 2334 1974 2387 communia,
2007 2337 2111 2377 uter

479 2405 644 2448 deinde
690 2405 857 2448 artifex
904 2405 1068 2448 melius
1114 2418 1195 2447 suo
1242 2405 1300 2448 sit
1341 2418 1532 2448 munere
1578 2405 1764 2448 functus
1801 2408 2109 2462 spectatorum

478 2476 656 2518 animos
703 2480 748 2519 et
793 2476 1033 2519 saltatione
1081 2479 1125 2518 et
1170 2475 1373 2531 gestibus
1420 2479 1464 2519 et
1503 2475 1678 2518 facetiis
1714 2475 1985 2529 delectandi,
2018 2489 2109 2532 qua

480 2546 819 2602 comparatione
851 2550 896 2590 et
927 2547 1012 2590 hoc
1043 2547 1232 2590 fortasse
1264 2546 1503 2604 apparebit
1534 2546 1771 2600 iudicium,
1800 2546 1923 2603 quod
1945 2546 2110 2589 hucus-

479 2631 568 2673 que
590 2618 646 2660 de
663 2618 883 2660 dramatis
900 2618 1107 2674 satyricis
1123 2618 1326 2672 fecimus,
1346 2616 1686 2674 quodammodo
1705 2631 1798 2660 esse
1817 2617 2106 2662 mutandum.
