2274 3750
1214 358 1450 402 „.16..

514 486 586 529 die
629 487 927 544 Hufenpaare
968 489 1190 532 einander
1226 491 1488 546 zugekehrt,
1520 491 1570 534 in
1601 492 1706 535 dem
1739 491 1926 536 zweiten
1958 491 2145 536 vonein-

513 558 656 601 ander
696 558 968 614 abgewandt
1008 560 1112 603 sind
1131 595 1140 603 .
1161 595 1169 604 .
1190 595 1199 604 .
1219 596 1228 604 .
1273 560 1396 604 Aber
1435 562 1509 605 die
1541 562 1767 619 Meinung
1798 563 1879 606 der
1911 562 2144 619 Hymnos-

513 643 640 672 verse
673 629 799 672 kann
831 630 911 673 das
943 630 1074 674 nieht
1099 631 1219 685 sein;
1252 636 1378 675 sonst
1399 635 1571 676 miiszte
1593 633 1812 676 dastehen
1837 633 1958 675 ἀντία
1974 633 2144 687 ποιήσασ

513 699 657 750 ὁπλὰσ,
692 708 773 742 τῶν
804 702 876 754 μὲν
908 703 1204 756 τὰσπρόσθεν,
1238 711 1318 745 τῶν
1349 703 1389 744 δὲ
1423 705 1500 745 tem
1529 705 1699 746 ὄπισθέν
1729 706 1895 748 ὀπίσσω.
1938 704 2009 748 Da
2045 718 2144 748 nun

513 771 588 814 ein
630 771 804 815 solches
846 763 1250 826 Miszverstiindnis
1291 775 1396 818 dem
1430 775 1674 832 Sophocles
1706 775 1836 819 nicht
1867 779 2148 821 zuzutrauen

513 842 583 895 ist,
616 857 663 885 so
696 843 807 886 wird
841 858 950 886 man
982 844 1079 888 sich
1112 846 1185 888 fiir
1215 846 1290 889 die
1318 846 1471 890 zweite
1495 847 1812 890 Eventualitat
1833 846 2142 900 entscheiden,

513 913 615 956 dasz
637 928 686 956 er
707 913 787 956 das
810 915 955 959 Motiv
977 915 1174 960 bewuszt
1195 917 1479 973 umgebildet
1500 918 1595 960 und
1618 919 1825 962 dadureh
1847 917 2143 962 entsehieden

514 984 766 1028 verbessert
806 986 931 1029 hat.''
975 986 1153 1030 Deinde
1194 1002 1295 1044 pag.
1339 988 1448 1031 547:
1503 989 1678 1042 „Einen
1725 988 1824 1032 Teil
1866 989 1948 1032 der
1988 989 2144 1032 Herde

513 1055 623 1098 laszt
665 1071 713 1099 er
754 1055 1005 1100 riickwarts
1045 1058 1209 1114 gehen.
1253 1059 1426 1102 Dessen
1457 1060 1637 1116 Spuren
1669 1060 1886 1103 entdeckt
1916 1060 1997 1103 der
2027 1063 2144 1104 erste

512 1126 770 1171 Halbchor:
815 1127 1095 1182 παλινστραφῆ
1137 1131 1190 1171 τὰ
1230 1131 1408 1187 βήματα.
1450 1131 1603 1174 Einem
1632 1132 1795 1175 zweite'n
1831 1132 1923 1175 Teil
1955 1132 2073 1177 kehrt
2101 1146 2157 1196 er·

512 1199 579 1241 die
631 1198 887 1256 Vorderkufe
926 1201 1036 1243 nach
1066 1202 1223 1245 innan:
1254 1204 1331 1242 εἰσ
1361 1204 1604 1244 τούπίσω
1635 1204 1698 1243 τὰ
1731 1203 1927 1257 πρόσθ’
1958 1201 2144 1257 ἤλλακ-

513 1287 620 1320 ται,
682 1271 816 1314 einem
861 1271 1016 1315 ‹iv-item
1066 1273 1133 1315 die
1182 1273 1476 1330 Hinterhufen
1527 1275 1637 1318 nach
1687 1289 1857 1319 auszen:
1908 1276 1970 1314 τὰ
2021 1270 2144 1315 ὅάὖ

512 1341 1097 1396 ἓναντί’ἆλλήλοισιν.”

572 1413 749 1456 Ultima
779 1413 920 1457 verba
951 1418 1107 1458 autem
1139 1430 1233 1458 non
1264 1416 1327 1458 sic
1359 1421 1467 1459 sunt
1497 1417 1856 1474 interpretanda,
1883 1417 1961 1460 sed
1982 1417 2143 1474 utique

512 1485 756 1529 vertenda:
810 1488 972 1542 „atque
1005 1486 1118 1529 haec
1150 1487 1338 1544 quidem
1370 1502 1527 1531 rursus
1557 1489 1668 1531 inter
1695 1502 1736 1531 se
1767 1488 2022 1532 contraria.
2042 1523 2052 1533 .
2072 1522 2082 1532 .
2102 1489 2141 1532 .’'

512 1555 727 1599 Ceterum
768 1556 881 1599 haec
923 1558 1079 1601 omnia
1126 1558 1375 1602 admodum
1419 1559 1638 1616 perplexa
1683 1574 1778 1603 esse
1824 1563 1962 1617 atque
2003 1559 2143 1603 nimis

512 1627 752 1684 exquisita,
796 1641 934 1684 quam
982 1632 1035 1671 ut
1079 1643 1189 1674 vera
1235 1644 1329 1673 esse
1377 1631 1564 1687 possint,
1612 1631 1714 1688 quis
1760 1646 1854 1674 non
1895 1631 2044 1675 videt!
2088 1631 2141 1674 Id

511 1701 667 1741 tamen
708 1699 875 1742 addere
918 1699 1020 1743 volo
1062 1700 1251 1744 Roberti
1293 1701 1537 1758 explicatio
1578 1702 1615 1745 si
1658 1717 1766 1746 vera
1809 1705 1938 1756 esset,
1980 1716 2140 1747 vocem

511 1769 735 1824 ungulam
778 1769 932 1828 (ὁπλή),
970 1774 1128 1828 utpote
1159 1772 1208 1814 in
1242 1772 1543 1830 descriptione
1571 1777 1666 1816 tam
1698 1773 1923 1827 intricata,
1967 1773 2142 1831 aliquo-

510 1840 627 1883 tiens
665 1841 865 1897 profecto
897 1842 1209 1886 adhibendam
1241 1844 1400 1888 fuisse:
1436 1848 1487 1887 ut
1518 1859 1641 1887 nunc
1674 1848 1826 1887 textus
1858 1858 1952 1888 sese
1985 1843 2136 1898 habet,

511 1925 568 1953 ex
609 1925 662 1954 eo
704 1912 891 1955 Roberti
933 1913 1288 1970 explicationem
1327 1929 1511 1972 quoquo
1542 1916 1679 1959 modo
1711 1915 1813 1959 elici
1845 1929 1975 1972 posse
2006 1929 2137 1972 nego.

510 1981 738 2039 Sequitur,
783 1988 835 2026 ut
875 1985 1015 2028 etiam
1057 1985 1396 2029 conclusionem
1429 1986 1525 2028 eius
1557 1987 1820 2030 reiciamus:
1860 2001 1995 2040 „man
2026 1985 2140 2031 wird

509 2054 606 2096 sich
643 2054 719 2096 fiir
754 2054 826 2097 die
863 2055 1017 2098 zweite
1049 2055 1365 2100 Eventualitat
1396 2057 1704 2112 entschefflen,
1737 2058 1840 2100 dasz
1872 2072 1920 2100 er
1951 2057 2139 2131 (Sopho-

510 2125 617 2179 cles)
648 2125 728 2168 das
761 2125 907 2170 Motiv
938 2125 1136 2170 bewuszt
1163 2127 1447 2184 umgebildet
1476 2128 1573 2171 und
1605 2128 1811 2171 dadureh
1843 2128 2137 2172 entschieden

510 2196 763 2239 verbessert
802 2197 912 2239 hat''
955 2201 999 2240 et
1040 2198 1126 2254 ipsi
1169 2198 1320 2255 potius
1362 2199 1690 2242 concludamus
1731 2199 1977 2242 artificium
2023 2198 2136 2242 illud

509 2267 639 2310 Ichn.
674 2282 758 2312 vss,
786 2268 869 2310 122
886 2282 982 2326 sqq.
1007 2267 1547 2327 (παλινστραφῆ-ἤλλακται)
1578 2269 1709 2313 nobis
1731 2270 2011 2328 descriptum
2032 2283 2139 2313 cum

509 2338 673 2394 hymni
721 2353 807 2382 vss.
842 2339 896 2382 77
929 2354 994 2396 sq.
1037 2354 1177 2396 quam
1220 2341 1423 2384 maxime
1470 2355 1735 2398 congruere.
1787 2341 1946 2398 Neque
1993 2341 2139 2396 magis

509 2409 625 2452 mihi
666 2410 867 2453 arridere
909 2415 1054 2467 potest
1097 2411 1400 2468 Koettgeniae
1442 2412 1700 2468 explicatio,
1743 2427 1884 2470 quam
1916 2426 2011 2456 non
2042 2416 2137 2456 tam

509 2479 660 2524 verbis
686 2480 865 2524 traditis
896 2495 1069 2539 suoque
1095 2482 1281 2538 ingenio
1304 2497 1445 2540 quam
1465 2484 1576 2526 artis
1597 2484 1899 2527 veterinariae
1931 2484 2138 2527 doctrina

509 2565 591 2594 usa
631 2550 762 2594 nobis
808 2551 987 2596 obtulit.
1031 2552 1152 2605 Quid
1195 2553 1319 2597 enim
1362 2555 1459 2596 est?
1502 2554 1669 2597 Docuit
1710 2569 1812 2598 eam
1844 2555 1916 2599 vir
1945 2555 2137 2612 quidam

508 2622 797 2665 doctissimus
847 2624 1048 2681 artisque
1100 2624 1402 2668 veterinariae
1454 2625 1756 2682 peritissimus
1806 2626 1941 2670 haec:
1999 2626 2136 2680 „Ani-

509 2693 649 2736 malia
689 2693 959 2750 solidipedia
999 2699 1045 2738 et
1084 2694 1259 2738 bisulca
1299 2695 1469 2750 adulta,
1509 2696 1639 2739 solito
1682 2697 1794 2740 dum
1837 2700 2033 2740 utuntur
2067 2697 2163 2757 ing

508 2778 647 2818 cessu,
681 2765 978 2821 posteriorem
1010 2779 1240 2823 quemque
1271 2766 1435 2823 pedem
1467 2766 1516 2809 in
1554 2767 1870 2824 respondentis
1902 2793 1960 2824 ÷
1989 2768 2035 2811 id
2068 2772 2135 2812 est

508 2835 565 2878 ab
607 2835 768 2879 eodem
804 2836 944 2880 latere
977 2862 1035 2869 —
1065 2836 1228 2894 prioris
1259 2837 1450 2893 vestigio
1482 2851 1650 2894 ponere
1682 2838 1851 2892 solent;
1895 2838 2135 2882 anterioris

506 2907 648 2961 igitur
679 2907 899 2964 cuiusque
931 2907 1133 2964 ungulae
1164 2907 1401 2964 impressio
1433 2909 1782 2965 comprehendit
1807 2913 1853 2952 et
1874 2909 2135 2966 posterioris

509 2978 767 3033 vestigium,
817 2979 945 3021 cuius
992 2993 1071 3022 ora
1115 2978 1305 3022 alteram
1360 2992 1453 3021 non
1504 2983 1714 3023 accurate
1756 2980 2007 3037 complexa,
2055 2980 2133 3024 sed

508 3048 581 3092 vel
621 3049 677 3091 ad
721 3049 932 3093 dextram
974 3050 1047 3093 vel
1079 3050 1136 3092 ad
1174 3049 1404 3092 sinistram
1447 3043 1625 3093 mutata
1666 3051 1866 3108 corporis
1907 3055 1952 3094 et
1993 3065 2134 3096 mem-

508 3118 693 3162 brorum
736 3120 910 3162 indicat
942 3120 1135 3175 figuram
1169 3135 1195 3163 a
1227 3134 1389 3162 norma
1419 3121 1678 3165 desciscere.
1715 3122 1942 3165 Iuvenum
1976 3125 2133 3164 autem
