<?xml version="1.0" encoding="UTF-8"?>
<!DOCTYPE html PUBLIC "-//W3C//DTD XHTML 1.0 Transitional//EN"
    "http://www.w3.org/TR/xhtml1/DTD/xhtml1-transitional.dtd">
<html xmlns="http://www.w3.org/1999/xhtml" xml:lang="en" lang="en">
 <head>
  <title>
</title>
<meta http-equiv="Content-Type" content="text/html;charset=utf-8" />
  <meta name='ocr-system' content='tesseract 3.04.00' />
  <meta name='ocr-capabilities' content='ocr_page ocr_carea ocr_par ocr_line ocrx_word'/>
</head>
<body>
  <div class='ocr_page' id='page_1' title='image "./desophoclisindag00spoeuoft_0086.png"; bbox 0 0 2274 3750; ppageno 0'>
   <div class='ocr_carea' id='block_1_1' title="bbox 1167 355 1400 398">
    <p class='ocr_par' dir='ltr' id='par_1_1' title="bbox 1167 355 1400 398">
     <span class='ocr_line' id='line_1_1' title="bbox 1167 355 1400 398; baseline 0 -12"><span class='ocrx_word' id='word_1_1' title='bbox 1167 355 1400 398; x_wconf 51' lang='lat'><strong>„70-</strong></span> 
     </span>
    </p>
   </div>
   <div class='ocr_carea' id='block_1_2' title="bbox 469 473 2103 682">
    <p class='ocr_par' dir='ltr' id='par_1_2' title="bbox 469 473 2103 682">
     <span class='ocr_line' id='line_1_2' title="bbox 472 473 2102 541; baseline 0 -13"><span class='ocrx_word' id='word_1_2' title='bbox 472 499 545 528; x_wconf 84' lang='lat' dir='ltr'><strong>me</strong></span> <span class='ocrx_word' id='word_1_3' title='bbox 579 499 672 527; x_wconf 89' lang='lat' dir='ltr'><strong>non</strong></span> <span class='ocrx_word' id='word_1_4' title='bbox 694 498 789 527; x_wconf 84' lang='lat' dir='ltr'><strong>esse</strong></span> <span class='ocrx_word' id='word_1_5' title='bbox 810 473 1126 540; x_wconf 77' lang='lat' dir='ltr'><strong>decepturum,</strong></span> <span class='ocrx_word' id='word_1_6' title='bbox 1149 485 1228 527; x_wconf 85' lang='lat' dir='ltr'><strong>sed</strong></span> <span class='ocrx_word' id='word_1_7' title='bbox 1249 484 1477 541; x_wconf 83' lang='lat' dir='ltr'>prioribus</span> <span class='ocrx_word' id='word_1_8' title='bbox 1497 485 1782 541; x_wconf 75' lang='lat' dir='ltr'>argumentis</span> <span class='ocrx_word' id='word_1_9' title='bbox 1802 484 2102 541; x_wconf 71' lang='lat' dir='ltr'><strong>congruent-ia</strong></span> 
     </span>
     <span class='ocr_line' id='line_1_3' title="bbox 469 554 2103 612; baseline 0.001 -14"><span class='ocrx_word' id='word_1_10' title='bbox 469 557 658 598; x_wconf 86' lang='lat' dir='ltr'><strong>fort-asse</strong></span> <span class='ocrx_word' id='word_1_11' title='bbox 689 554 954 607; x_wconf 80' lang='lat' dir='ltr'><strong>allaturum,</strong></span> <span class='ocrx_word' id='word_1_12' title='bbox 987 568 1105 611; x_wconf 80' lang='lat' dir='ltr'><strong>quae</strong></span> <span class='ocrx_word' id='word_1_13' title='bbox 1137 569 1250 611; x_wconf 87' lang='lat' dir='ltr'><strong>spes,</strong></span> <span class='ocrx_word' id='word_1_14' title='bbox 1283 555 1321 598; x_wconf 87' lang='lat' dir='ltr'><strong>si</strong></span> <span class='ocrx_word' id='word_1_15' title='bbox 1353 555 1464 612; x_wconf 91' lang='lat' dir='ltr'><strong>quid</strong></span> <span class='ocrx_word' id='word_1_16' title='bbox 1497 555 1644 610; x_wconf 87' lang='lat' dir='ltr'><strong>video,</strong></span> <span class='ocrx_word' id='word_1_17' title='bbox 1676 570 1751 600; x_wconf 89' lang='lat' dir='ltr'><strong>me</strong></span> <span class='ocrx_word' id='word_1_18' title='bbox 1771 571 1865 599; x_wconf 90' lang='lat' dir='ltr'><strong>non</strong></span> <span class='ocrx_word' id='word_1_19' title='bbox 1888 556 2103 599; x_wconf 82' lang='lat' dir='ltr'><strong>frustrata</strong></span> 
     </span>
     <span class='ocr_line' id='line_1_4' title="bbox 471 625 1513 682; baseline 0 -13"><span class='ocrx_word' id='word_1_20' title='bbox 471 629 550 669; x_wconf 84' lang='lat' dir='ltr'><strong>est.</strong></span> <span class='ocrx_word' id='word_1_21' title='bbox 583 625 702 669; x_wconf 82' lang='lat' dir='ltr'><strong>Sunt</strong></span> <span class='ocrx_word' id='word_1_22' title='bbox 729 628 901 679; x_wconf 86' lang='lat' dir='ltr'><strong>autem,</strong></span> <span class='ocrx_word' id='word_1_23' title='bbox 933 639 1052 681; x_wconf 88' lang='lat' dir='ltr'><strong>quae</strong></span> <span class='ocrx_word' id='word_1_24' title='bbox 1085 625 1291 682; x_wconf 81' lang='lat' dir='ltr'><strong>excerpsi</strong></span> <span class='ocrx_word' id='word_1_25' title='bbox 1322 626 1434 670; x_wconf 84' lang='lat' dir='ltr'><strong>haee</strong></span> <span class='ocrx_word' id='word_1_26' title='bbox 1457 626 1513 681; x_wconf 88' lang='lat'><strong>1):</strong></span> 
     </span>
    </p>
   </div>
   <div class='ocr_carea' id='block_1_3' title="bbox 560 778 2102 837">
    <p class='ocr_par' dir='ltr' id='par_1_3' title="bbox 560 778 2102 837">
     <span class='ocr_line' id='line_1_5' title="bbox 560 778 2102 837; baseline 0.001 -16"><span class='ocrx_word' id='word_1_27' title='bbox 560 779 604 835; x_wconf 86' lang='lat'><strong>1)</strong></span> <span class='ocrx_word' id='word_1_28' title='bbox 635 778 871 833; x_wconf 79' lang='grc' dir='ltr'><em>αὐτόχρημα</em></span> <span class='ocrx_word' id='word_1_29' title='bbox 902 778 984 835; x_wconf 77' lang='grc' dir='ltr'><strong>(νε.</strong></span> <span class='ocrx_word' id='word_1_30' title='bbox 1018 778 1122 831; x_wconf 64' lang='lat'>3852)</span> <span class='ocrx_word' id='word_1_31' title='bbox 1377 780 1432 824; x_wconf 83' lang='lat' dir='ltr'><strong>cf.</strong></span> <span class='ocrx_word' id='word_1_32' title='bbox 1476 779 1614 824; x_wconf 85' lang='lat' dir='ltr'><strong>Arist.</strong></span> <span class='ocrx_word' id='word_1_33' title='bbox 1658 780 1741 837; x_wconf 82' lang='lat' dir='ltr'><strong>Eq.</strong></span> <span class='ocrx_word' id='word_1_34' title='bbox 1785 780 1854 824; x_wconf 87' lang='lat'><strong>78.</strong></span> <span class='ocrx_word' id='word_1_35' title='bbox 1887 779 1997 837; x_wconf 89' lang='lat' dir='ltr'>(vid.</span> <span class='ocrx_word' id='word_1_36' title='bbox 2029 778 2102 823; x_wconf 84' lang='lat' dir='ltr'><strong>ad.</strong></span> 
     </span>
    </p>
   </div>
   <div class='ocr_carea' id='block_1_4' title="bbox 1652 851 2103 1051">
    <p class='ocr_par' dir='ltr' id='par_1_4' title="bbox 1652 851 2103 1051">
     <span class='ocr_line' id='line_1_6' title="bbox 1654 851 1835 909; baseline 0.006 -15"><span class='ocrx_word' id='word_1_37' title='bbox 1654 865 1756 908; x_wconf 83' lang='lat' dir='ltr'>pag.</span> <span class='ocrx_word' id='word_1_38' title='bbox 1775 851 1835 909; x_wconf 84' lang='lat'><strong>9.)</strong></span> 
     </span>
     <span class='ocr_line' id='line_1_7' title="bbox 1652 921 2102 976; baseline -0.002 -9"><span class='ocrx_word' id='word_1_39' title='bbox 1652 922 1854 967; x_wconf 81' lang='lat' dir='ltr'>Acharn.</span> <span class='ocrx_word' id='word_1_40' title='bbox 1891 922 1992 976; x_wconf 83' lang='lat'>513,</span> <span class='ocrx_word' id='word_1_41' title='bbox 2014 921 2102 966; x_wconf 88' lang='lat' dir='ltr'><strong>Av.</strong></span> 
     </span>
     <span class='ocr_line' id='line_1_8' title="bbox 1656 992 2103 1051; baseline -0.002 -14"><span class='ocrx_word' id='word_1_42' title='bbox 1656 994 1725 1049; x_wconf 88' lang='lat'><strong>30,</strong></span> <span class='ocrx_word' id='word_1_43' title='bbox 1742 993 1890 1051; x_wconf 86' lang='lat' dir='ltr'>(Eur.)</span> <span class='ocrx_word' id='word_1_44' title='bbox 1900 993 1990 1038; x_wconf 82' lang='lat' dir='ltr'><strong>Rh.</strong></span> <span class='ocrx_word' id='word_1_45' title='bbox 2004 992 2103 1037; x_wconf 85' lang='lat'>149.</span> 
     </span>
    </p>
   </div>
   <div class='ocr_carea' id='block_1_5' title="bbox 559 920 1267 978">
    <p class='ocr_par' dir='ltr' id='par_1_5' title="bbox 559 920 1267 978">
     <span class='ocr_line' id='line_1_9' title="bbox 559 920 1267 978; baseline 0.001 -15"><span class='ocrx_word' id='word_1_46' title='bbox 559 921 604 978; x_wconf 85' lang='lat'>2)</span> <span class='ocrx_word' id='word_1_47' title='bbox 636 929 820 977; x_wconf 74' lang='grc' dir='ltr'><strong><em>παρεῖναι</em></strong></span> <span class='ocrx_word' id='word_1_48' title='bbox 851 921 892 963; x_wconf 69' lang='grc' dir='ltr'><strong>ἐν</strong></span> <span class='ocrx_word' id='word_1_49' title='bbox 924 920 1043 973; x_wconf 78' lang='grc' dir='ltr'><em>λόγωι</em></span> <span class='ocrx_word' id='word_1_50' title='bbox 1075 928 1158 977; x_wconf 81' lang='lat' dir='ltr'>(VS.</span> <span class='ocrx_word' id='word_1_51' title='bbox 1191 921 1267 975; x_wconf 83' lang='lat'>34)</span> 
     </span>
    </p>
   </div>
   <div class='ocr_carea' id='block_1_6' title="bbox 559 1062 1974 1192">
    <p class='ocr_par' dir='ltr' id='par_1_6' title="bbox 559 1062 1974 1192">
     <span class='ocr_line' id='line_1_10' title="bbox 561 1062 1570 1121; baseline 0.001 -15"><span class='ocrx_word' id='word_1_52' title='bbox 561 1063 606 1120; x_wconf 89' lang='lat'><strong>3)</strong></span> <span class='ocrx_word' id='word_1_53' title='bbox 638 1064 864 1119; x_wconf 81' lang='grc' dir='ltr'><strong><em>προσβιβᾶν</em></strong></span> <span class='ocrx_word' id='word_1_54' title='bbox 895 1062 1015 1115; x_wconf 77' lang='grc' dir='ltr'><em>λόγωι</em></span> <span class='ocrx_word' id='word_1_55' title='bbox 1047 1063 1129 1121; x_wconf 85' lang='lat' dir='ltr'>(VS.</span> <span class='ocrx_word' id='word_1_56' title='bbox 1165 1064 1267 1121; x_wconf 89' lang='grc'>166)</span> <span class='ocrx_word' id='word_1_57' title='bbox 1407 1099 1424 1117; x_wconf 85' lang='grc'><strong>,,</strong></span> <span class='ocrx_word' id='word_1_58' title='bbox 1552 1099 1570 1118; x_wconf 88' lang='lat'>„</span> 
     </span>
     <span class='ocr_line' id='line_1_11' title="bbox 559 1133 1974 1192; baseline 0.003 -17"><span class='ocrx_word' id='word_1_59' title='bbox 559 1134 604 1190; x_wconf 90' lang='lat'><strong>4)</strong></span> <span class='ocrx_word' id='word_1_60' title='bbox 638 1133 862 1189; x_wconf 71' lang='grc' dir='ltr'><strong><em>προσγελᾶν</em></strong></span> <span class='ocrx_word' id='word_1_61' title='bbox 884 1135 1104 1192; x_wconf 77' lang='lat' dir='ltr'>(metaph.</span> <span class='ocrx_word' id='word_1_62' title='bbox 1128 1149 1194 1180; x_wconf 82' lang='lat' dir='ltr'><strong>vs.</strong></span> <span class='ocrx_word' id='word_1_63' title='bbox 1217 1135 1320 1192; x_wconf 90' lang='lat'>291)</span> <span class='ocrx_word' id='word_1_64' title='bbox 1407 1171 1425 1190; x_wconf 91' lang='lat'>„</span> <span class='ocrx_word' id='word_1_65' title='bbox 1461 1135 1674 1192; x_wconf 86' lang='lat' dir='ltr'><strong>Aeschyl.</strong></span> <span class='ocrx_word' id='word_1_66' title='bbox 1707 1136 1841 1179; x_wconf 87' lang='lat' dir='ltr'><strong>Eum.</strong></span> <span class='ocrx_word' id='word_1_67' title='bbox 1875 1135 1974 1179; x_wconf 86' lang='lat'>253.</span> 
     </span>
    </p>
   </div>
   <div class='ocr_carea' id='block_1_7' title="bbox 1463 1206 1968 1264">
    <p class='ocr_par' dir='ltr' id='par_1_7' title="bbox 1463 1206 1968 1264">
     <span class='ocr_line' id='line_1_12' title="bbox 1463 1206 1968 1264; baseline 0.002 -15"><span class='ocrx_word' id='word_1_68' title='bbox 1463 1206 1695 1264; x_wconf 86' lang='lat' dir='ltr'><strong>Aristoph.</strong></span> <span class='ocrx_word' id='word_1_69' title='bbox 1730 1206 1834 1250; x_wconf 84' lang='lat' dir='ltr'>Pac.</span> <span class='ocrx_word' id='word_1_70' title='bbox 1868 1206 1968 1251; x_wconf 89' lang='grc'><strong>600.</strong></span> 
     </span>
    </p>
   </div>
   <div class='ocr_carea' id='block_1_8' title="bbox 1661 1063 2165 1122">
    <p class='ocr_par' dir='ltr' id='par_1_8' title="bbox 1661 1063 2165 1122">
     <span class='ocr_line' id='line_1_13' title="bbox 1661 1063 2165 1122; baseline -0.004 -14"><span class='ocrx_word' id='word_1_71' title='bbox 1661 1065 1745 1122; x_wconf 81' lang='lat' dir='ltr'><strong>Eq.</strong></span> <span class='ocrx_word' id='word_1_72' title='bbox 1779 1065 1849 1119; x_wconf 88' lang='lat'><strong>35,</strong></span> <span class='ocrx_word' id='word_1_73' title='bbox 1882 1065 1969 1109; x_wconf 90' lang='lat' dir='ltr'><strong>Av.</strong></span> <span class='ocrx_word' id='word_1_74' title='bbox 2003 1063 2102 1107; x_wconf 85' lang='lat'><strong>426.</strong></span> <span class='ocrx_word' id='word_1_75' title='bbox 2161 1066 2165 1070; x_wconf 95' lang='lat'>·</span> 
     </span>
    </p>
   </div>
   <div class='ocr_carea' id='block_1_9' title="bbox 559 1276 1093 1333">
    <p class='ocr_par' dir='ltr' id='par_1_9' title="bbox 559 1276 1093 1333">
     <span class='ocr_line' id='line_1_14' title="bbox 559 1276 1093 1333; baseline 0.002 -13"><span class='ocrx_word' id='word_1_76' title='bbox 559 1276 604 1333; x_wconf 87' lang='lat'>5)</span> <span class='ocrx_word' id='word_1_77' title='bbox 637 1277 676 1318; x_wconf 85' lang='grc' dir='ltr'><strong>τί</strong></span> <span class='ocrx_word' id='word_1_78' title='bbox 706 1277 842 1331; x_wconf 82' lang='grc' dir='ltr'><em>μάτην</em></span> <span class='ocrx_word' id='word_1_79' title='bbox 874 1279 955 1333; x_wconf 88' lang='lat' dir='ltr'>(VS.</span> <span class='ocrx_word' id='word_1_80' title='bbox 990 1277 1093 1333; x_wconf 87' lang='grc'>171)</span> 
     </span>
    </p>
   </div>
   <div class='ocr_carea' id='block_1_10' title="bbox 560 1347 1258 1405">
    <p class='ocr_par' dir='ltr' id='par_1_10' title="bbox 560 1347 1258 1405">
     <span class='ocr_line' id='line_1_15' title="bbox 560 1347 1258 1405; baseline 0.003 -15"><span class='ocrx_word' id='word_1_81' title='bbox 560 1347 604 1405; x_wconf 90' lang='grc'><strong>6)</strong></span> <span class='ocrx_word' id='word_1_82' title='bbox 636 1356 769 1404; x_wconf 76' lang='grc' dir='ltr'><strong><em>χανεῖν</em></strong></span> <span class='ocrx_word' id='word_1_83' title='bbox 801 1348 872 1404; x_wconf 73' lang='grc' dir='ltr'><strong>(Ξ</strong></span> <span class='ocrx_word' id='word_1_84' title='bbox 901 1350 1024 1390; x_wconf 70' lang='grc' dir='ltr'><strong><em>εἰπεῖν</em></strong></span> <span class='ocrx_word' id='word_1_85' title='bbox 1056 1363 1120 1394; x_wconf 85' lang='lat' dir='ltr'><strong>VS.</strong></span> <span class='ocrx_word' id='word_1_86' title='bbox 1155 1348 1258 1403; x_wconf 88' lang='grc'>361)</span> 
     </span>
    </p>
   </div>
   <div class='ocr_carea' id='block_1_11' title="bbox 562 1561 1171 1690">
    <p class='ocr_par' dir='ltr' id='par_1_11' title="bbox 562 1561 1171 1690">
     <span class='ocr_line' id='line_1_16' title="bbox 562 1561 1135 1617; baseline 0 -13"><span class='ocrx_word' id='word_1_87' title='bbox 562 1561 605 1615; x_wconf 91' lang='grc'><strong>7)</strong></span> <span class='ocrx_word' id='word_1_88' title='bbox 637 1561 670 1602; x_wconf 84' lang='grc' dir='ltr'><em>ὢ</em></span> <span class='ocrx_word' id='word_1_89' title='bbox 702 1561 746 1612; x_wconf 81' lang='grc' dir='ltr'><strong>ὤ,</strong></span> <span class='ocrx_word' id='word_1_90' title='bbox 780 1562 822 1602; x_wconf 79' lang='grc' dir='ltr'><strong>σε’</strong></span> <span class='ocrx_word' id='word_1_91' title='bbox 852 1578 914 1603; x_wconf 87' lang='grc' dir='ltr'><strong>τοι</strong></span> <span class='ocrx_word' id='word_1_92' title='bbox 946 1563 1027 1617; x_wconf 85' lang='lat' dir='ltr'>(vs.</span> <span class='ocrx_word' id='word_1_93' title='bbox 1061 1563 1135 1617; x_wconf 85' lang='lat'>61)</span> 
     </span>
     <span class='ocr_line' id='line_1_17' title="bbox 563 1632 1171 1690; baseline 0.003 -16"><span class='ocrx_word' id='word_1_94' title='bbox 563 1632 608 1689; x_wconf 86' lang='lat'>8)</span> <span class='ocrx_word' id='word_1_95' title='bbox 641 1632 919 1686; x_wconf 71' lang='grc' dir='ltr'><strong><em>ἆπυνοσφίζειν</em></strong></span> <span class='ocrx_word' id='word_1_96' title='bbox 951 1635 1033 1688; x_wconf 85' lang='lat' dir='ltr'>(VS.</span> <span class='ocrx_word' id='word_1_97' title='bbox 1067 1633 1171 1690; x_wconf 88' lang='lat'>131)</span> 
     </span>
    </p>
   </div>
   <div class='ocr_carea' id='block_1_12' title="bbox 1828 1276 1984 1331">
    <p class='ocr_par' dir='ltr' id='par_1_12' title="bbox 1828 1276 1984 1331">
     <span class='ocr_line' id='line_1_18' title="bbox 1828 1276 1984 1331; baseline 0 -11"><span class='ocrx_word' id='word_1_98' title='bbox 1828 1312 1837 1331; x_wconf 93' lang='lat'><em>,</em></span> <span class='ocrx_word' id='word_1_99' title='bbox 1913 1276 1984 1321; x_wconf 85' lang='lat'><strong>95.</strong></span> 
     </span>
    </p>
   </div>
   <div class='ocr_carea' id='block_1_13' title="bbox 1402 1312 1926 1548">
    <p class='ocr_par' dir='ltr' id='par_1_13' title="bbox 1402 1312 1926 1548">
     <span class='ocr_line' id='line_1_19' title="bbox 1405 1312 1926 1406; baseline 0 -14"><span class='ocrx_word' id='word_1_100' title='bbox 1405 1313 1423 1402; x_wconf 59' lang='grc' dir='ltr'>ἶ</span> <span class='ocrx_word' id='word_1_101' title='bbox 1459 1313 1673 1406; x_wconf 54' lang='lat' dir='ltr'><strong>Aeschnyl.</strong></span> <span class='ocrx_word' id='word_1_102' title='bbox 1706 1349 1792 1406; x_wconf 90' lang='lat' dir='ltr'><strong>Ag.</strong></span> <span class='ocrx_word' id='word_1_103' title='bbox 1819 1312 1926 1392; x_wconf 67' lang='lat'>&#39;920.</span> 
     </span>
     <span class='ocr_line' id='line_1_20' title="bbox 1402 1419 1920 1477; baseline 0 -14"><span class='ocrx_word' id='word_1_104' title='bbox 1402 1455 1420 1473; x_wconf 92' lang='lat'>„</span> <span class='ocrx_word' id='word_1_105' title='bbox 1457 1419 1595 1477; x_wconf 89' lang='lat' dir='ltr'>Soph.</span> <span class='ocrx_word' id='word_1_106' title='bbox 1629 1420 1756 1464; x_wconf 84' lang='lat' dir='ltr'><strong>Aiac.</strong></span> <span class='ocrx_word' id='word_1_107' title='bbox 1791 1419 1920 1463; x_wconf 86' lang='lat'>1227.</span> 
     </span>
     <span class='ocr_line' id='line_1_21' title="bbox 1403 1491 1904 1548; baseline 0 -13"><span class='ocrx_word' id='word_1_108' title='bbox 1403 1526 1420 1545; x_wconf 88' lang='lat'>„</span> <span class='ocrx_word' id='word_1_109' title='bbox 1459 1491 1598 1535; x_wconf 85' lang='lat' dir='ltr'><strong>Arist.</strong></span> <span class='ocrx_word' id='word_1_110' title='bbox 1631 1491 1771 1548; x_wconf 83' lang='lat' dir='ltr'><strong>Vesp.</strong></span> <span class='ocrx_word' id='word_1_111' title='bbox 1803 1491 1904 1535; x_wconf 87' lang='lat'><strong>342.</strong></span> 
     </span>
    </p>
   </div>
   <div class='ocr_carea' id='block_1_14' title="bbox 1638 1562 1858 1607">
    <p class='ocr_par' dir='ltr' id='par_1_14' title="bbox 1638 1562 1858 1607">
     <span class='ocr_line' id='line_1_22' title="bbox 1638 1562 1858 1607; baseline -0.005 -1"><span class='ocrx_word' id='word_1_112' title='bbox 1638 1563 1725 1607; x_wconf 89' lang='lat' dir='ltr'><strong>Av.</strong></span> <span class='ocrx_word' id='word_1_113' title='bbox 1759 1562 1858 1606; x_wconf 89' lang='grc'><strong>274.</strong></span> 
     </span>
    </p>
   </div>
   <div class='ocr_carea' id='block_1_15' title="bbox 1464 1597 1907 1690">
    <p class='ocr_par' dir='ltr' id='par_1_15' title="bbox 1409 1597 1907 1690">
     <span class='ocr_line' id='line_1_23' title="bbox 1464 1597 1907 1690; baseline 0 -14"><span class='ocrx_word' id='word_1_114' title='bbox 1464 1597 1602 1690; x_wconf 64' lang='lat'>80&#39;1&#39;211.</span> <span class='ocrx_word' id='word_1_115' title='bbox 1635 1633 1687 1678; x_wconf 87' lang='grc' dir='ltr'><strong>ο.</strong></span> <span class='ocrx_word' id='word_1_116' title='bbox 1720 1633 1775 1678; x_wconf 85' lang='lat' dir='ltr'><strong>R.</strong></span> <span class='ocrx_word' id='word_1_117' title='bbox 1807 1633 1907 1677; x_wconf 86' lang='lat'>480.</span> 
     </span>
    </p>
   </div>
   <div class='ocr_carea' id='block_1_16' title="bbox 2217 0 2274 1464">
    <p class='ocr_par' dir='ltr' id='par_1_16' title="bbox 2217 0 2274 1464">
     <span class='ocr_line' id='line_1_24' title="bbox 2217 0 2274 1464; baseline 0 0"><span class='ocrx_word' id='word_1_118' title='bbox 2217 0 2274 1464; x_wconf 95' lang='lat' dir='ltr'><strong> </strong></span> 
     </span>
    </p>
   </div>
   <div class='ocr_carea' id='block_1_17' title="bbox 561 1703 2107 2259">
    <p class='ocr_par' dir='ltr' id='par_1_17' title="bbox 561 1703 1854 1762">
     <span class='ocr_line' id='line_1_25' title="bbox 561 1703 1854 1762; baseline 0.001 -16"><span class='ocrx_word' id='word_1_119' title='bbox 561 1703 605 1758; x_wconf 92' lang='lat'>9)</span> <span class='ocrx_word' id='word_1_120' title='bbox 640 1703 883 1759; x_wconf 81' lang='grc' dir='ltr'><strong><em>βαθύζωνοσ</em></strong></span> <span class='ocrx_word' id='word_1_121' title='bbox 914 1706 997 1760; x_wconf 84' lang='lat' dir='ltr'>(vs.</span> <span class='ocrx_word' id='word_1_122' title='bbox 1031 1703 1131 1758; x_wconf 84' lang='lat'>237,</span> <span class='ocrx_word' id='word_1_123' title='bbox 1167 1704 1271 1762; x_wconf 81' lang='lat'>263)</span> <span class='ocrx_word' id='word_1_124' title='bbox 1405 1740 1423 1758; x_wconf 93' lang='lat'>„</span> <span class='ocrx_word' id='word_1_125' title='bbox 1460 1704 1600 1747; x_wconf 91' lang='lat' dir='ltr'><strong>Hom.</strong></span> <span class='ocrx_word' id='word_1_126' title='bbox 1633 1704 1854 1762; x_wconf 83' lang='lat' dir='ltr'>(passim).</span> 
     </span>
    </p>

    <p class='ocr_par' dir='ltr' id='par_1_18' title="bbox 1405 1775 1961 1832">
     <span class='ocr_line' id='line_1_26' title="bbox 1405 1775 1961 1832; baseline 0 -14"><span class='ocrx_word' id='word_1_127' title='bbox 1405 1809 1424 1829; x_wconf 92' lang='lat'><strong>‚,</strong></span> <span class='ocrx_word' id='word_1_128' title='bbox 1460 1775 1673 1832; x_wconf 85' lang='lat' dir='ltr'><strong>Aeschyl.</strong></span> <span class='ocrx_word' id='word_1_129' title='bbox 1707 1775 1827 1819; x_wconf 89' lang='lat' dir='ltr'><strong>Pers.</strong></span> <span class='ocrx_word' id='word_1_130' title='bbox 1863 1775 1961 1819; x_wconf 87' lang='grc'><strong>151.</strong></span> 
     </span>
    </p>

    <p class='ocr_par' dir='ltr' id='par_1_19' title="bbox 1403 1844 2046 1975">
     <span class='ocr_line' id='line_1_27' title="bbox 1403 1844 2046 1903; baseline -0.003 -13"><span class='ocrx_word' id='word_1_131' title='bbox 1403 1881 1421 1900; x_wconf 83' lang='grc'><strong>,,</strong></span> <span class='ocrx_word' id='word_1_132' title='bbox 1563 1881 1581 1900; x_wconf 85' lang='lat'>„</span> <span class='ocrx_word' id='word_1_133' title='bbox 1707 1845 1912 1903; x_wconf 85' lang='lat' dir='ltr'><strong>Choeph.</strong></span> <span class='ocrx_word' id='word_1_134' title='bbox 1947 1844 2046 1889; x_wconf 84' lang='lat'>167.</span> 
     </span>
     <span class='ocr_line' id='line_1_28' title="bbox 1403 1917 1926 1975; baseline -0.002 -14"><span class='ocrx_word' id='word_1_135' title='bbox 1403 1953 1421 1972; x_wconf 89' lang='lat'><em>„</em></span> <span class='ocrx_word' id='word_1_136' title='bbox 1458 1917 1596 1975; x_wconf 85' lang='lat' dir='ltr'>Soph.</span> <span class='ocrx_word' id='word_1_137' title='bbox 1630 1917 1792 1962; x_wconf 84' lang='lat' dir='ltr'><strong>Traeh.</strong></span> <span class='ocrx_word' id='word_1_138' title='bbox 1827 1917 1926 1961; x_wconf 85' lang='lat'>339.</span> 
     </span>
    </p>

    <p class='ocr_par' dir='ltr' id='par_1_20' title="bbox 1407 1988 1828 2046">
     <span class='ocr_line' id='line_1_29' title="bbox 1407 1988 1828 2046; baseline 0 -14"><span class='ocrx_word' id='word_1_139' title='bbox 1407 2023 1424 2042; x_wconf 88' lang='lat'><strong>‚,</strong></span> <span class='ocrx_word' id='word_1_140' title='bbox 1462 1989 1477 2046; x_wconf 91' lang='lat'>(</span> <span class='ocrx_word' id='word_1_141' title='bbox 1529 2024 1547 2043; x_wconf 94' lang='lat'><strong>‚‚</strong></span> <span class='ocrx_word' id='word_1_142' title='bbox 1633 1988 1705 2033; x_wconf 91' lang='lat' dir='ltr'><strong>Ai.</strong></span> <span class='ocrx_word' id='word_1_143' title='bbox 1738 1989 1828 2046; x_wconf 90' lang='lat'>42.)</span> 
     </span>
    </p>

    <p class='ocr_par' dir='ltr' id='par_1_21' title="bbox 1407 2059 2056 2195">
     <span class='ocr_line' id='line_1_30' title="bbox 1407 2059 2045 2117; baseline 0 -14"><span class='ocrx_word' id='word_1_144' title='bbox 1407 2095 1425 2114; x_wconf 90' lang='lat'>„</span> <span class='ocrx_word' id='word_1_145' title='bbox 1464 2060 1675 2117; x_wconf 85' lang='lat' dir='ltr'><strong>Aeschyl.</strong></span> <span class='ocrx_word' id='word_1_146' title='bbox 1709 2060 1912 2117; x_wconf 84' lang='lat' dir='ltr'><strong>Ohoeph.</strong></span> <span class='ocrx_word' id='word_1_147' title='bbox 1945 2059 2045 2103; x_wconf 87' lang='lat'>227.</span> 
     </span>
     <span class='ocr_line' id='line_1_31' title="bbox 1410 2129 2056 2195; baseline -0.009 -19"><span class='ocrx_word' id='word_1_148' title='bbox 1410 2148 1427 2185; x_wconf 48' lang='lat'><strong>⁷„</strong></span> <span class='ocrx_word' id='word_1_149' title='bbox 1464 2131 1602 2188; x_wconf 87' lang='lat' dir='ltr'>Soph.</span> <span class='ocrx_word' id='word_1_150' title='bbox 1642 2131 1715 2174; x_wconf 87' lang='lat' dir='ltr'><strong>Ai.</strong></span> <span class='ocrx_word' id='word_1_151' title='bbox 1747 2130 1869 2195; x_wconf 58' lang='lat'><strong>9970</strong></span> <span class='ocrx_word' id='word_1_152' title='bbox 1953 2129 2056 2187; x_wconf 73' lang='grc' dir='ltr'><strong><em>ἓξιχ-</em></strong></span> 
     </span>
    </p>

    <p class='ocr_par' dir='ltr' id='par_1_22' title="bbox 1638 2200 2107 2259">
     <span class='ocr_line' id='line_1_32' title="bbox 1638 2200 2107 2259; baseline -0.006 -14"><span class='ocrx_word' id='word_1_153' title='bbox 1638 2202 1713 2246; x_wconf 89' lang='lat' dir='ltr'><strong>Tr.</strong></span> <span class='ocrx_word' id='word_1_154' title='bbox 1749 2201 1833 2245; x_wconf 87' lang='grc'><strong>271</strong></span> <span class='ocrx_word' id='word_1_155' title='bbox 1861 2200 1868 2259; x_wconf 74' lang='lat'>)</span> <span class='ocrx_word' id='word_1_156' title='bbox 1899 2210 2107 2244; x_wconf 74' lang='grc' dir='ltr'><strong><em>νοσκοπεῖν</em></strong></span> 
     </span>
    </p>
   </div>
   <div class='ocr_carea' id='block_1_18' title="bbox 533 1917 1278 1975">
    <p class='ocr_par' dir='ltr' id='par_1_23' title="bbox 533 1917 1278 1975">
     <span class='ocr_line' id='line_1_33' title="bbox 533 1917 1278 1975; baseline 0.001 -15"><span class='ocrx_word' id='word_1_157' title='bbox 533 1917 604 1974; x_wconf 86' lang='grc'><strong>10)</strong></span> <span class='ocrx_word' id='word_1_158' title='bbox 637 1917 876 1970; x_wconf 71' lang='grc' dir='ltr'><em>ἐφίστασθαι</em></span> <span class='ocrx_word' id='word_1_159' title='bbox 907 1917 1024 1974; x_wconf 81' lang='grc' dir='ltr'><strong><em>βάσιν</em></strong></span> <span class='ocrx_word' id='word_1_160' title='bbox 1057 1919 1140 1974; x_wconf 84' lang='lat' dir='ltr'>(vs.</span> <span class='ocrx_word' id='word_1_161' title='bbox 1176 1918 1278 1975; x_wconf 84' lang='lat'>168)</span> 
     </span>
    </p>
   </div>
   <div class='ocr_carea' id='block_1_19' title="bbox 532 2060 1079 2118">
    <p class='ocr_par' dir='ltr' id='par_1_24' title="bbox 532 2060 1079 2118">
     <span class='ocr_line' id='line_1_34' title="bbox 532 2060 1079 2118; baseline 0.002 -16"><span class='ocrx_word' id='word_1_162' title='bbox 532 2060 606 2117; x_wconf 88' lang='lat'><strong>11)</strong></span> <span class='ocrx_word' id='word_1_163' title='bbox 638 2062 886 2115; x_wconf 74' lang='grc' dir='ltr'><strong><em>ἱχνοσκοπεῑν</em></strong></span> <span class='ocrx_word' id='word_1_164' title='bbox 916 2062 1000 2116; x_wconf 83' lang='lat' dir='ltr'>(VS.</span> <span class='ocrx_word' id='word_1_165' title='bbox 1035 2060 1079 2118; x_wconf 89' lang='lat'>7)</span> 
     </span>
    </p>
   </div>
   <div class='ocr_carea' id='block_1_20' title="bbox 472 2336 683 2340">
    <p class='ocr_par' dir='ltr' id='par_1_25' title="bbox 472 2336 683 2340">
     <span class='ocr_line' id='line_1_35' title="bbox 472 2336 683 2340; baseline 0 0"><span class='ocrx_word' id='word_1_166' title='bbox 472 2336 683 2340; x_wconf 95' lang='lat' dir='ltr'><strong> </strong></span> 
     </span>
    </p>
   </div>
   <div class='ocr_carea' id='block_1_21' title="bbox 472 2414 2109 3174">
    <p class='ocr_par' dir='ltr' id='par_1_26' title="bbox 472 2414 2108 2818">
     <span class='ocr_line' id='line_1_36' title="bbox 525 2414 2108 2463; baseline 0 -12"><span class='ocrx_word' id='word_1_167' title='bbox 525 2416 558 2462; x_wconf 84' lang='lat'>¹)</span> <span class='ocrx_word' id='word_1_168' title='bbox 595 2416 643 2451; x_wconf 88' lang='lat' dir='ltr'><strong>Et</strong></span> <span class='ocrx_word' id='word_1_169' title='bbox 681 2415 868 2452; x_wconf 78' lang='lat' dir='ltr'><strong>nonnulla</strong></span> <span class='ocrx_word' id='word_1_170' title='bbox 905 2416 1076 2463; x_wconf 84' lang='lat' dir='ltr'><strong>apposui,</strong></span> <span class='ocrx_word' id='word_1_171' title='bbox 1112 2427 1222 2463; x_wconf 86' lang='lat' dir='ltr'><strong>quae,</strong></span> <span class='ocrx_word' id='word_1_172' title='bbox 1260 2416 1337 2452; x_wconf 87' lang='lat' dir='ltr'><strong>iam</strong></span> <span class='ocrx_word' id='word_1_173' title='bbox 1376 2419 1493 2452; x_wconf 85' lang='lat' dir='ltr'><strong>antea</strong></span> <span class='ocrx_word' id='word_1_174' title='bbox 1530 2415 1632 2462; x_wconf 85' lang='lat' dir='ltr'><strong>apud</strong></span> <span class='ocrx_word' id='word_1_175' title='bbox 1671 2415 1795 2462; x_wconf 85' lang='lat' dir='ltr'><strong>epicos</strong></span> <span class='ocrx_word' id='word_1_176' title='bbox 1827 2418 1961 2462; x_wconf 81' lang='lat' dir='ltr'><strong>poetas</strong></span> <span class='ocrx_word' id='word_1_177' title='bbox 1984 2414 2108 2459; x_wconf 79' lang='lat' dir='ltr'><strong>obvia,</strong></span> 
     </span>
     <span class='ocr_line' id='line_1_37' title="bbox 472 2473 2107 2522; baseline 0 -12"><span class='ocrx_word' id='word_1_178' title='bbox 472 2475 591 2510; x_wconf 84' lang='lat' dir='ltr'><strong>etiam</strong></span> <span class='ocrx_word' id='word_1_179' title='bbox 630 2475 669 2510; x_wconf 90' lang='lat' dir='ltr'><strong>in</strong></span> <span class='ocrx_word' id='word_1_180' title='bbox 709 2474 1007 2521; x_wconf 82' lang='lat' dir='ltr'><strong>Indagatoribus</strong></span> <span class='ocrx_word' id='word_1_181' title='bbox 1045 2486 1114 2511; x_wconf 88' lang='lat' dir='ltr'><strong>nec</strong></span> <span class='ocrx_word' id='word_1_182' title='bbox 1151 2486 1314 2522; x_wconf 83' lang='lat' dir='ltr'><strong>usquam</strong></span> <span class='ocrx_word' id='word_1_183' title='bbox 1353 2474 1447 2510; x_wconf 86' lang='lat' dir='ltr'><strong>alibi</strong></span> <span class='ocrx_word' id='word_1_184' title='bbox 1485 2475 1679 2522; x_wconf 79' lang='lat' dir='ltr'><strong>leguntur,</strong></span> <span class='ocrx_word' id='word_1_185' title='bbox 1710 2474 1810 2521; x_wconf 89' lang='lat' dir='ltr'><strong>quod</strong></span> <span class='ocrx_word' id='word_1_186' title='bbox 1835 2473 1934 2510; x_wconf 77' lang='lat' dir='ltr'><strong>talia</strong></span> <span class='ocrx_word' id='word_1_187' title='bbox 1956 2484 2107 2522; x_wconf 85' lang='lat' dir='ltr'><strong>quoque</strong></span> 
     </span>
     <span class='ocr_line' id='line_1_38' title="bbox 472 2533 2107 2581; baseline 0.001 -12"><span class='ocrx_word' id='word_1_188' title='bbox 472 2534 751 2580; x_wconf 79' lang='lat' dir='ltr'><strong>antiquitatem</strong></span> <span class='ocrx_word' id='word_1_189' title='bbox 778 2534 937 2580; x_wconf 80' lang='lat' dir='ltr'><strong>prodere</strong></span> <span class='ocrx_word' id='word_1_190' title='bbox 963 2533 1059 2570; x_wconf 89' lang='lat' dir='ltr'><strong>mihi</strong></span> <span class='ocrx_word' id='word_1_191' title='bbox 1087 2534 1277 2570; x_wconf 83' lang='lat' dir='ltr'><strong>videntur.</strong></span> <span class='ocrx_word' id='word_1_192' title='bbox 1303 2534 1387 2570; x_wconf 85' lang='lat' dir='ltr'><strong>Non</strong></span> <span class='ocrx_word' id='word_1_193' title='bbox 1413 2533 1546 2569; x_wconf 85' lang='lat' dir='ltr'><strong>addidi</strong></span> <span class='ocrx_word' id='word_1_194' title='bbox 1571 2537 1664 2573; x_wconf 73' lang='grc' dir='ltr'><strong>ἅπαξ</strong></span> <span class='ocrx_word' id='word_1_195' title='bbox 1690 2536 1864 2578; x_wconf 64' lang='grc' dir='ltr'><strong>λεγόμενα,</strong></span> <span class='ocrx_word' id='word_1_196' title='bbox 1893 2544 1938 2569; x_wconf 83' lang='lat' dir='ltr'><strong>ex</strong></span> <span class='ocrx_word' id='word_1_197' title='bbox 1955 2533 2107 2581; x_wconf 85' lang='lat' dir='ltr'><strong>quibus,</strong></span> 
     </span>
     <span class='ocr_line' id='line_1_39' title="bbox 472 2591 2108 2640; baseline -0.001 -11"><span class='ocrx_word' id='word_1_198' title='bbox 472 2605 588 2640; x_wconf 80' lang='lat' dir='ltr'><strong>quam</strong></span> <span class='ocrx_word' id='word_1_199' title='bbox 616 2593 667 2629; x_wconf 87' lang='lat' dir='ltr'><strong>sit</strong></span> <span class='ocrx_word' id='word_1_200' title='bbox 693 2593 843 2629; x_wconf 80' lang='lat' dir='ltr'><strong>diversa</strong></span> <span class='ocrx_word' id='word_1_201' title='bbox 869 2593 1070 2629; x_wconf 85' lang='lat' dir='ltr'><strong>verborum</strong></span> <span class='ocrx_word' id='word_1_202' title='bbox 1097 2593 1205 2640; x_wconf 86' lang='lat' dir='ltr'><strong>copia</strong></span> <span class='ocrx_word' id='word_1_203' title='bbox 1231 2595 1364 2628; x_wconf 85' lang='lat' dir='ltr'><strong>nostra</strong></span> <span class='ocrx_word' id='word_1_204' title='bbox 1390 2593 1429 2628; x_wconf 91' lang='lat' dir='ltr'><strong>in</strong></span> <span class='ocrx_word' id='word_1_205' title='bbox 1458 2593 1603 2638; x_wconf 78' lang='lat' dir='ltr'><strong>fabula,</strong></span> <span class='ocrx_word' id='word_1_206' title='bbox 1623 2593 1668 2628; x_wconf 86' lang='lat' dir='ltr'><strong>de</strong></span> <span class='ocrx_word' id='word_1_207' title='bbox 1688 2592 1801 2629; x_wconf 82' lang='lat' dir='ltr'><strong>rebus</strong></span> <span class='ocrx_word' id='word_1_208' title='bbox 1819 2591 1975 2628; x_wconf 81' lang='lat' dir='ltr'><strong>musicis</strong></span> <span class='ocrx_word' id='word_1_209' title='bbox 1993 2603 2108 2629; x_wconf 75' lang='lat' dir='ltr'><strong>vena-</strong></span> 
     </span>
     <span class='ocr_line' id='line_1_40' title="bbox 473 2651 2108 2700; baseline 0 -12"><span class='ocrx_word' id='word_1_210' title='bbox 473 2652 635 2699; x_wconf 86' lang='lat' dir='ltr'><strong>ticisque</strong></span> <span class='ocrx_word' id='word_1_211' title='bbox 661 2655 813 2698; x_wconf 82' lang='lat' dir='ltr'><strong>agente,</strong></span> <span class='ocrx_word' id='word_1_212' title='bbox 839 2655 994 2698; x_wconf 81' lang='lat' dir='ltr'><strong>reperta</strong></span> <span class='ocrx_word' id='word_1_213' title='bbox 1020 2655 1138 2700; x_wconf 87' lang='lat' dir='ltr'><strong>atque</strong></span> <span class='ocrx_word' id='word_1_214' title='bbox 1164 2652 1204 2688; x_wconf 89' lang='lat' dir='ltr'><strong>in</strong></span> <span class='ocrx_word' id='word_1_215' title='bbox 1232 2652 1442 2698; x_wconf 80' lang='lat' dir='ltr'><strong>tragoediis</strong></span> <span class='ocrx_word' id='word_1_216' title='bbox 1467 2652 1590 2697; x_wconf 88' lang='lat' dir='ltr'><strong>obvia,</strong></span> <span class='ocrx_word' id='word_1_217' title='bbox 1615 2651 1735 2699; x_wconf 83' lang='lat' dir='ltr'><strong>siquis</strong></span> <span class='ocrx_word' id='word_1_218' title='bbox 1756 2651 1882 2687; x_wconf 82' lang='lat' dir='ltr'><strong>adhuc</strong></span> <span class='ocrx_word' id='word_1_219' title='bbox 1899 2651 2108 2697; x_wconf 78' lang='lat' dir='ltr'><strong>dubitabit,</strong></span> 
     </span>
     <span class='ocr_line' id='line_1_41' title="bbox 476 2710 2108 2759; baseline -0.001 -12"><span class='ocrx_word' id='word_1_220' title='bbox 476 2711 586 2747; x_wconf 82' lang='lat' dir='ltr'><strong>facile</strong></span> <span class='ocrx_word' id='word_1_221' title='bbox 624 2711 836 2759; x_wconf 85' lang='lat' dir='ltr'><strong>apparebit,</strong></span> <span class='ocrx_word' id='word_1_222' title='bbox 873 2711 1014 2747; x_wconf 80' lang='lat' dir='ltr'><strong>sed-ad</strong></span> <span class='ocrx_word' id='word_1_223' title='bbox 1040 2714 1194 2758; x_wconf 87' lang='lat' dir='ltr'><strong>tempus</strong></span> <span class='ocrx_word' id='word_1_224' title='bbox 1219 2711 1382 2757; x_wconf 83' lang='lat' dir='ltr'><strong>originis</strong></span> <span class='ocrx_word' id='word_1_225' title='bbox 1406 2711 1625 2746; x_wconf 81' lang='lat' dir='ltr'><strong>accuratius</strong></span> <span class='ocrx_word' id='word_1_226' title='bbox 1650 2710 1910 2747; x_wconf 86' lang='lat' dir='ltr'><strong>definiendum</strong></span> <span class='ocrx_word' id='word_1_227' title='bbox 1935 2722 1981 2746; x_wconf 79' lang='lat' dir='ltr'><strong>ea</strong></span> <span class='ocrx_word' id='word_1_228' title='bbox 2005 2710 2108 2758; x_wconf 87' lang='lat' dir='ltr'><strong>quic-</strong></span> 
     </span>
     <span class='ocr_line' id='line_1_42' title="bbox 475 2771 1348 2818; baseline 0 -12"><span class='ocrx_word' id='word_1_229' title='bbox 475 2782 590 2818; x_wconf 84' lang='lat' dir='ltr'><strong>quam</strong></span> <span class='ocrx_word' id='word_1_230' title='bbox 619 2771 795 2817; x_wconf 82' lang='lat' dir='ltr'><strong>prodesse</strong></span> <span class='ocrx_word' id='word_1_231' title='bbox 820 2782 928 2817; x_wconf 86' lang='lat' dir='ltr'><strong>nego.</strong></span> <span class='ocrx_word' id='word_1_232' title='bbox 954 2771 1054 2807; x_wconf 89' lang='lat' dir='ltr'><strong>Sunt</strong></span> <span class='ocrx_word' id='word_1_233' title='bbox 1080 2773 1210 2807; x_wconf 84' lang='lat' dir='ltr'><strong>autem</strong></span> <span class='ocrx_word' id='word_1_234' title='bbox 1236 2771 1348 2806; x_wconf 86' lang='lat' dir='ltr'><strong>haec:</strong></span> 
     </span>
    </p>

    <p class='ocr_par' dir='ltr' id='par_1_27' title="bbox 474 2829 2109 3174">
     <span class='ocr_line' id='line_1_43' title="bbox 521 2829 2109 2878; baseline 0.001 -14"><span class='ocrx_word' id='word_1_235' title='bbox 521 2830 544 2864; x_wconf 86' lang='lat'>5</span> <span class='ocrx_word' id='word_1_236' title='bbox 577 2833 739 2875; x_wconf 75' lang='grc' dir='ltr'><strong>ἁμολγάσ,</strong></span> <span class='ocrx_word' id='word_1_237' title='bbox 774 2829 821 2866; x_wconf 88' lang='grc'><strong>33</strong></span> <span class='ocrx_word' id='word_1_238' title='bbox 854 2833 1040 2878; x_wconf 78' lang='grc' dir='ltr'><em>ἀγρώστηρ,</em></span> <span class='ocrx_word' id='word_1_239' title='bbox 1077 2829 1148 2866; x_wconf 89' lang='grc'><strong>319</strong></span> <span class='ocrx_word' id='word_1_240' title='bbox 1185 2832 1356 2875; x_wconf 73' lang='grc' dir='ltr'><em>αἰόλισμα,</em></span> <span class='ocrx_word' id='word_1_241' title='bbox 1393 2829 1462 2865; x_wconf 81' lang='grc'><strong>247</strong></span> <span class='ocrx_word' id='word_1_242' title='bbox 1500 2832 1665 2874; x_wconf 76' lang='grc' dir='ltr'><em>άλκάσμα,</em></span> <span class='ocrx_word' id='word_1_243' title='bbox 1702 2829 1774 2867; x_wconf 84' lang='grc'><strong>160</strong></span> <span class='ocrx_word' id='word_1_244' title='bbox 1808 2833 2014 2874; x_wconf 70' lang='grc' dir='ltr'><strong>ἀτάνοστεῖν,</strong></span> <span class='ocrx_word' id='word_1_245' title='bbox 2041 2829 2109 2865; x_wconf 82' lang='grc'><strong>122</strong></span> 
     </span>
     <span class='ocr_line' id='line_1_44' title="bbox 475 2888 2108 2937; baseline -0.001 -13"><span class='ocrx_word' id='word_1_246' title='bbox 475 2893 744 2933; x_wconf 64' lang='grc' dir='ltr'><strong>ἀποθᾛμαίνειν,</strong></span> <span class='ocrx_word' id='word_1_247' title='bbox 783 2889 853 2925; x_wconf 89' lang='grc'><strong>153</strong></span> <span class='ocrx_word' id='word_1_248' title='bbox 890 2889 1342 2937; x_wconf 43' lang='grc' dir='ltr'><strong>ἀποάὶτπορῂυπαίνεσθαι,</strong></span> <span class='ocrx_word' id='word_1_249' title='bbox 1378 2888 1450 2924; x_wconf 87' lang='grc'><strong>363</strong></span> <span class='ocrx_word' id='word_1_250' title='bbox 1485 2892 1693 2936; x_wconf 75' lang='grc' dir='ltr'><em>ἀπόψηκτοσ,</em></span> <span class='ocrx_word' id='word_1_251' title='bbox 1746 2888 1814 2925; x_wconf 90' lang='grc'><strong>167</strong></span> <span class='ocrx_word' id='word_1_252' title='bbox 1855 2891 2108 2934; x_wconf 58' lang='lat' dir='ltr'><strong>&amp;aenaim-9110,</strong></span> 
     </span>
     <span class='ocr_line' id='line_1_45' title="bbox 475 2947 2108 2997; baseline 0 -13"><span class='ocrx_word' id='word_1_253' title='bbox 475 2948 543 2984; x_wconf 86' lang='lat'><strong>177</strong></span> <span class='ocrx_word' id='word_1_254' title='bbox 595 2952 724 2997; x_wconf 77' lang='grc' dir='ltr'><strong><em>δράκισ,</em></strong></span> <span class='ocrx_word' id='word_1_255' title='bbox 775 2948 846 2985; x_wconf 90' lang='grc'><strong>205</strong></span> <span class='ocrx_word' id='word_1_256' title='bbox 895 2951 1108 2994; x_wconf 64' lang='grc' dir='ltr'><strong>ἐξυπελθεῖν,</strong></span> <span class='ocrx_word' id='word_1_257' title='bbox 1146 2948 1217 2984; x_wconf 86' lang='grc'><strong>322</strong></span> <span class='ocrx_word' id='word_1_258' title='bbox 1254 2958 1453 2994; x_wconf 71' lang='grc' dir='ltr'><strong><em>κατοιχνεῖν,</em></strong></span> <span class='ocrx_word' id='word_1_259' title='bbox 1491 2948 1559 2984; x_wconf 88' lang='grc'><strong>117</strong></span> <span class='ocrx_word' id='word_1_260' title='bbox 1591 2951 1766 2995; x_wconf 79' lang='grc' dir='ltr'><em>κυκησμόσ,</em></span> <span class='ocrx_word' id='word_1_261' title='bbox 1802 2947 1872 2983; x_wconf 87' lang='grc'><strong>167</strong></span> <span class='ocrx_word' id='word_1_262' title='bbox 1908 2950 2108 2996; x_wconf 62' lang='lat' dir='ltr'><strong>numerando,</strong></span> 
     </span>
     <span class='ocr_line' id='line_1_46' title="bbox 474 3006 2108 3056; baseline -0.001 -12"><span class='ocrx_word' id='word_1_263' title='bbox 474 3007 544 3044; x_wconf 84' lang='grc'><strong>269</strong></span> <span class='ocrx_word' id='word_1_264' title='bbox 580 3011 734 3053; x_wconf 77' lang='grc' dir='ltr'><strong><em>λικνῖεισ,</em></strong></span> <span class='ocrx_word' id='word_1_265' title='bbox 771 3007 842 3044; x_wconf 74' lang='grc'><strong>219</strong></span> <span class='ocrx_word' id='word_1_266' title='bbox 879 3011 1041 3056; x_wconf 70' lang='grc' dir='ltr'><strong>νέβρινοσ,</strong></span> <span class='ocrx_word' id='word_1_267' title='bbox 1078 3007 1149 3044; x_wconf 79' lang='grc'><strong>249</strong></span> <span class='ocrx_word' id='word_1_268' title='bbox 1183 3010 1452 3055; x_wconf 78' lang='grc' dir='ltr'><strong><em>ὄρθοψάλακτοσ,</em></strong></span> <span class='ocrx_word' id='word_1_269' title='bbox 1489 3008 1560 3044; x_wconf 86' lang='grc'><strong>112</strong></span> <span class='ocrx_word' id='word_1_270' title='bbox 1597 3010 1864 3055; x_wconf 74' lang='grc' dir='ltr'><strong><em>παλινστραφήσ,</em></strong></span> <span class='ocrx_word' id='word_1_271' title='bbox 1900 3006 1969 3043; x_wconf 87' lang='grc'><strong>317</strong></span> <span class='ocrx_word' id='word_1_272' title='bbox 1995 3021 2108 3055; x_wconf 73' lang='grc' dir='ltr'><strong><em>παρα-</em></strong></span> 
     </span>
     <span class='ocr_line' id='line_1_47' title="bbox 474 3066 2108 3115; baseline 0 -14"><span class='ocrx_word' id='word_1_273' title='bbox 474 3072 672 3114; x_wconf 78' lang='grc' dir='ltr'><strong><em>ψυκτήριον,</em></strong></span> <span class='ocrx_word' id='word_1_274' title='bbox 709 3066 781 3103; x_wconf 87' lang='grc'><strong>212</strong></span> <span class='ocrx_word' id='word_1_275' title='bbox 818 3070 989 3115; x_wconf 58' lang='lat' dir='ltr'><strong>mawron,</strong></span> <span class='ocrx_word' id='word_1_276' title='bbox 1022 3067 1069 3104; x_wconf 89' lang='grc'><strong>88</strong></span> <span class='ocrx_word' id='word_1_277' title='bbox 1106 3070 1314 3114; x_wconf 69' lang='grc' dir='ltr'><strong><em>ῥινηλατεΐν,</em></strong></span> <span class='ocrx_word' id='word_1_278' title='bbox 1352 3066 1423 3103; x_wconf 88' lang='grc'><strong>367</strong></span> <span class='ocrx_word' id='word_1_279' title='bbox 1460 3069 1702 3114; x_wconf 77' lang='grc' dir='ltr'><em>ῥινοκόλλητοσ,</em></span> <span class='ocrx_word' id='word_1_280' title='bbox 1738 3066 1809 3102; x_wconf 86' lang='grc'><strong>163</strong></span> <span class='ocrx_word' id='word_1_281' title='bbox 1831 3069 2108 3113; x_wconf 67' lang='grc' dir='ltr'><strong>σινμποδηγετεΐν,</strong></span> 
     </span>
     <span class='ocr_line' id='line_1_48' title="bbox 475 3126 1142 3174; baseline 0.003 -14"><span class='ocrx_word' id='word_1_282' title='bbox 475 3126 540 3161; x_wconf 85' lang='grc'><strong>171</strong></span> <span class='ocrx_word' id='word_1_283' title='bbox 573 3129 786 3171; x_wconf 65' lang='grc' dir='ltr'><strong>ὑποκλάζειν,</strong></span> <span class='ocrx_word' id='word_1_284' title='bbox 812 3126 883 3162; x_wconf 90' lang='grc'><strong>156</strong></span> <span class='ocrx_word' id='word_1_285' title='bbox 908 3130 1142 3174; x_wconf 74' lang='grc' dir='ltr'><strong>χρυσόφαντοσ.</strong></span> 
     </span>
    </p>
   </div>
   <div class='ocr_carea' id='block_1_22' title="bbox 2254 2729 2274 3143">
    <p class='ocr_par' dir='ltr' id='par_1_28' title="bbox 2254 2729 2274 3143">
     <span class='ocr_line' id='line_1_49' title="bbox 2254 2729 2274 3143; baseline 0 607"><span class='ocrx_word' id='word_1_286' title='bbox 2254 2729 2274 3143; x_wconf 95' lang='lat' dir='ltr'><strong> </strong></span> 
     </span>
    </p>
   </div>
   <div class='ocr_carea' id='block_1_23' title="bbox 2264 2084 2274 2630">
    <p class='ocr_par' dir='ltr' id='par_1_29' title="bbox 2264 2084 2274 2630">
     <span class='ocr_line' id='line_1_50' title="bbox 2264 2084 2274 2630; textangle 90"><span class='ocrx_word' id='word_1_287' title='bbox 2267 2553 2274 2630; x_wconf 48' lang='lat' dir='ltr'><strong>..m</strong></span> <span class='ocrx_word' id='word_1_288' title='bbox 2264 2405 2274 2539; x_wconf 50' lang='lat' dir='ltr'><strong>.;‹;&lt;m-;.a</strong></span> <span class='ocrx_word' id='word_1_289' title='bbox 2267 2352 2274 2391; x_wconf 46' lang='grc' dir='ltr'><strong>*Δ</strong></span> <span class='ocrx_word' id='word_1_290' title='bbox 2271 2323 2274 2335; x_wconf 94' lang='grc'><strong>..</strong></span> <span class='ocrx_word' id='word_1_291' title='bbox 2272 2308 2274 2310; x_wconf 98' lang='grc'><strong>.</strong></span> <span class='ocrx_word' id='word_1_292' title='bbox 2271 2283 2274 2293; x_wconf 61' lang='lat'><strong>,„</strong></span> <span class='ocrx_word' id='word_1_293' title='bbox 2266 2234 2274 2270; x_wconf 65' lang='grc' dir='ltr'><strong>Α»-</strong></span> <span class='ocrx_word' id='word_1_294' title='bbox 2271 2191 2274 2213; x_wconf 67' lang='grc'><strong>..</strong></span> <span class='ocrx_word' id='word_1_295' title='bbox 2269 2146 2274 2152; x_wconf 83' lang='grc'><strong>.</strong></span> <span class='ocrx_word' id='word_1_296' title='bbox 2271 2084 2274 2089; x_wconf 90' lang='grc'><strong>.</strong></span> 
     </span>
    </p>
   </div>
  </div>
 </body>
</html>
