2274 3750
878 357 1113 400 „15-

358 484 418 527 ’Ὼ
448 487 585 537 πόποι,
619 483 645 540 ἦ
674 487 777 540 μέγα
807 492 952 540 θαῦμα
983 487 1068 530 τόδ’
1098 487 1365 542 ὀφθαλμοῖσιν
1395 490 1560 543 ὁρῶμαι·

224 556 323 600 220.
357 557 465 612 ι’χνεα
495 559 567 611 μὲν
599 557 693 599 τάδ.ζ
723 563 762 610 7
793 559 873 599 ἐστὶ
905 560 1010 614 βοῶν
1042 561 1355 615 ὀρθοκραιράων,

356 626 463 669 ἀλλὰ
495 627 621 671 πάλιν
652 629 873 683 τέτραπται
904 631 944 671 ἐσ
975 629 1193 683 ἀσφοδελὸν
1223 629 1410 683 λειαῶια·

354 699 520 754 βήματα
551 699 587 740 δ’
619 699 707 742 οὔτ’
739 700 883 753 ἀνδρὸο·
915 700 1009 743 τάδε
1039 702 1214 752 γίγνεται
1245 701 1336 749 οὔτε
1367 703 1568 755 γυναικόσ,

290 787 300 791 ”
354 769 447 812 οὔτε
476 769 609 812 λύκων
639 769 793 813 πολιῶν
824 771 912 813 οὔτ’
943 771 1103 827 ἄρκτων
1133 771 1224 814 οὔτε
1255 771 1443 815 λεόντων·

354 839 446 883 οὔτε
477 858 515 882 τι
545 843 765 896 κενταύρου
794 841 1053 898 λασιαύχενοσ
1083 841 1255 896 ’ἔλπομαι
1288 841 1401 894 εἶναι,

218 910 320 956 225.
353 910 399 951 ὅσ
430 926 492 953 rto·
522 921 613 954 τοῖα
644 911 806 966 πέλωρα
837 914 947 969 βιβᾶι
980 916 1071 955 ποσὶ
1105 912 1423 967 καρπαλίλιιοισιν·

354 984 449 1024 αἰνὰ
480 985 552 1036 μὲν
584 983 702 1026 ’ἐνθεν
733 983 852 1035 ὁδοῖο,
887 985 938 1026 τὰ
971 984 1180 1039 δἀἰνότερ’
1211 984 1331 1027 ἔνθεν
1362 985 1480 1030 ὁδοῖο.

158 1177 171 1190 .
234 1123 295 1168 1⁰.
327 1139 393 1170 vs,
426 1126 513 1169 226
544 1127 738 1183 vestigia
769 1127 954 1170 turbata
986 1127 1248 1184 significant
1279 1129 1334 1171 cf.
1368 1143 1431 1173 vs.
1466 1129 1568 1173 357.

234 1195 298 1240 2⁰.
327 1210 394 1240 vs,
429 1197 515 1240 220
546 1211 611 1255 sq.
645 1202 907 1254 congruunt
939 1213 1046 1241 cum
1079 1198 1287 1242 versibus
1319 1198 1373 1243 77
1396 1213 1494 1256 sqq.

233 1266 295 1311 3⁰.
327 1281 415 1311 vss,
449 1268 684 1312 222—226
715 1269 1027 1312 sandaliorum
1059 1269 1190 1326 signa
1221 1269 1352 1313 nobis
1383 1269 1656 1327 depingunt.

222 1338 387 1382 Etiam
418 1354 505 1383 vss.
539 1340 625 1382 342
647 1354 744 1397 sqq.
777 1339 868 1383 huc
901 1340 1144 1397 pertinent,
1174 1355 1371 1398 quorum
1389 1356 1620 1395 versuum,
1644 1356 1805 1400 quam-

175 1408 243 1454 vis
273 1410 491 1454 molestiis
521 1411 645 1454 haud
674 1411 943 1464 carentium,
966 1425 1125 1454 sensus
1146 1415 1302 1455 tamen
1323 1412 1373 1454 in
1394 1412 1585 1456 obscuro
1606 1427 1698 1456 non
1721 1418 1804 1458 est.

231 1480 367 1524 Nunc
391 1485 547 1525 autem
574 1482 657 1525 has
684 1482 899 1525 Mercurii
921 1485 1040 1525 artes
1057 1483 1281 1526 memoria
1297 1486 1504 1527 tenentes
1519 1482 1578 1527 ad
1595 1484 1805 1540 Ἰχνευτάσ

172 1551 412 1596 redeamus
447 1556 586 1610 atque
628 1567 735 1596 eum
767 1553 920 1596 locum
952 1554 1303 1607 consideremus,
1337 1553 1417 1597 ubi
1449 1554 1599 1610 Satyri
1630 1569 1800 1610 magna

172 1635 250 1680 spe
291 1623 484 1680 praemii
518 1623 697 1667 incitati
729 1627 967 1680 tantopere
998 1624 1302 1681 profecerunt,
1335 1628 1387 1668 ut
1418 1625 1558 1668 boum
1590 1624 1802 1682 raptoris-

172 1706 261 1750 que
308 1693 500 1750 vestigia
544 1694 956 1738 animadverterint
997 1699 1042 1738 et
1083 1698 1437 1752 persequantur:
1481 1696 1574 1738 iam
1616 1696 1804 1752 propius

171 1763 448 1822 propiusque
479 1765 537 1808 ad
569 1765 735 1820 locum,
768 1765 848 1809 ubi
879 1766 1018 1810 boves
1048 1765 1207 1820 latent,
1240 1767 1477 1821 accedunt,
1511 1781 1616 1810 cum
1648 1767 1799 1811 subito

171 1833 299 1878 chori
330 1850 434 1892 pars
465 1836 638 1881 mirans
670 1836 899 1881 exclamat
930 1852 995 1881 vs.
1031 1837 1140 1880 111:

466 1906 512 1948 ’έα
542 1906 669 1960 μάλα.

466 1977 749 2033 παλινστραφῆ
783 1995 842 2020 τοι
875 1981 940 2020 ναὶ
972 1980 1030 2031 μὰ
1062 1980 1141 2020 Δία
1172 1980 1223 2019 τὰ
1257 1980 1436 2034 βήματα·

464 2053 519 2091 εἰσ
550 2049 781 2103 τοῦμπαλιν
812 2050 991 2104 δέδορκεν
1023 2045 1088 2091 αὖ·
1123 2050 1215 2091 τάδ’
1247 2050 1372 2094 doute.

232 2115 506 2177 „Adspicite,
538 2121 726 2175 sodales,
759 2125 1054 2165 revertuntur
1084 2121 1178 2164 iam
1211 2121 1456 2177 vestigia!’'

229 2188 331 2242 Quo
362 2190 559 2234 clamore
580 2191 738 2234 audito
759 2192 901 2235 altera
922 2191 1048 2234 chori
1070 2206 1174 2248 pars
1195 2206 1337 2248 parvo
1360 2192 1506 2248 spatio
1528 2197 1702 2236 remota
1723 2208 1799 2250 ap-

171 2260 448 2318 propinquat
475 2266 520 2305 et
543 2276 589 2305 se
606 2276 788 2319 quoque
806 2277 976 2307 novam
989 2263 1229 2318 signorum
1247 2263 1472 2306 rationem
1490 2263 1622 2307 valde
1642 2265 1795 2308 mirari

170 2330 460 2386 profitentur:
489 2334 552 2386 „rt'
578 2333 656 2373 ἐστὶ
684 2334 812 2380 τουτί,·
841 2334 902 2373 τίσ
927 2334 948 2373 ὁ
974 2333 1123 2386 τρόποσ
1140 2340 1211 2374 τοῦ
1230 2334 1456 2386 τάγματοσ;
1474 2335 1529 2374 εἰσ
1546 2336 1723 2375 τούπίσω
1745 2337 1796 2377 τὰ

170 2402 345 2456 πρόσθεν
369 2402 606 2457 ἤλλακται”,
623 2415 820 2461 quorum
847 2404 1012 2447 ultima
1025 2404 1163 2448 verba
1179 2404 1296 2447 nihil
1313 2404 1452 2458 aliud,
1473 2404 1634 2460 siquid
1650 2406 1795 2460 vide0‚

170 2473 431 2529 significant
461 2475 550 2518 nisi
587 2489 729 2532 „quae
761 2475 896 2518 modo
928 2490 956 2518 a
986 2475 1135 2519 fronte
1167 2480 1310 2529 erant,
1343 2490 1467 2518 nunc
1498 2475 1596 2518 loco
1618 2481 1795 2520 mutato

168 2557 288 2600 pone
323 2545 568 2590 videntur''
599 2546 629 2591 i.
656 2560 694 2589 e.
728 2546 920 2602 vestigia
951 2550 1060 2589 sunt
1090 2561 1234 2600 versa,
1267 2547 1389 2603 quod
1421 2559 1604 2603 prorsus
1635 2548 1793 2591 eodem

169 2615 287 2659 redit
316 2619 454 2673 atque
485 2631 620 2662 versu
642 2617 896 2674 superiore:
922 2618 979 2658 εἰσ
1000 2616 1230 2670 τοῦμπαλιν
1251 2616 1429 2670 δέδορκεν
1450 2614 1517 2663 αὖ.
1541 2618 1668 2671 Quae
1690 2633 1793 2661 cum

142 2686 411 2748 ‚explicatio
452 2687 790 2744 simplicissima
832 2687 1057 2741 videatur,
1104 2702 1266 2744 operae
1300 2692 1456 2732 tamen
1490 2690 1692 2746 pretium
1729 2693 1796 2733 est

168 2757 398 2815 paulisper
427 2759 476 2802 in
508 2758 696 2802 Roberti
726 2759 1101 2816 interpretatione
1126 2759 1412 2814 commorari,
1436 2760 1516 2816 qui
1537 2760 1636 2803 loco
1658 2775 1795 2817 supra

169 2828 305 2872 citato
350 2829 463 2873 haec
493 2829 694 2886 scripsit:
732 2829 1002 2886 „Sophocles
1035 2829 1144 2872 aber
1174 2830 1256 2873 hat
1287 2831 1517 2874 entweder
1548 2831 1620 2874 die
1653 2831 1696 2875 V
1699 2845 1794 2874 erse

169 2900 247 2954 (sc.
278 2898 438 2956 hymn.
461 2899 600 2943 Mero.
623 2899 679 2944 77
700 2900 785 2957 sq.)
806 2900 971 2944 anders
994 2900 1270 2944 verstanden
1292 2900 1367 2957 (sc.
1391 2904 1527 2957 atque
1551 2901 1792 2956 Robertus)

169 2968 278 3013 oder
306 2970 386 3013 das
416 2970 562 3014 Motiv
594 2970 898 3027 umgebildet;
931 2971 1054 3014 denn
1085 2971 1158 3013 bei
1191 2970 1289 3014 ihm
1321 2971 1440 3014 dreht
1466 2971 1642 3015 Hermes
1661 2973 1795 3015 ciuem

173 3039 265 3083 Teil
303 3041 375 3084 der
414 3041 576 3085 Rinder
620 3041 687 3084 die
735 3041 995 3098 Vorde‘rhufe
1023 3042 1132 3084 nach
1162 3043 1304 3094 imwn,
1337 3042 1471 3085 ciuem
1501 3043 1681 3085 andmen
1713 3043 1753 3097 (τ
1766 3044 1792 3082 ὰ

167 3106 307 3168 δἀὖ)
337 3111 404 3154 die
434 3111 695 3168 Hinterhuse
723 3113 834 3155 nach
864 3126 1023 3165 auszen,
1057 3127 1103 3154 so
1136 3113 1239 3157 dasz
1270 3112 1319 3155 in
1350 3113 1452 3155 dem
1487 3117 1636 3155 ersten
1669 3113 1792 3155 Faue
