2274 3750
911 350 1146 394 -73—

828 1131 1070 1175 CAPUT
1111 1131 1215 1175 III.

206 1343 283 1418 De
315 1373 794 1430 Indagatoribus
826 1378 882 1421 et
914 1378 1181 1434 Cyclope
1218 1379 1364 1423 {nter
1395 1391 1453 1423 se
1486 1383 1835 1436 comparans.

265 1540 635 1596 Difficultatibus‚
675 1556 790 1599 quae
822 1543 873 1585 in
903 1547 1034 1587 textu
1065 1544 1410 1601 interpretando
1442 1559 1536 1589 sese
1569 1546 1833 1602 offerebant,

205 1612 436 1670 expositis,
479 1613 679 1657 excussis
719 1614 787 1668 iis,
831 1628 948 1671 quae
990 1615 1048 1658 ad
1089 1619 1271 1672 tempus
1306 1615 1488 1660 fabulae
1519 1616 1835 1662 definiendum

205 1683 433 1740 pertinere
475 1683 764 1738 videbantur,
807 1698 970 1742 operae
1012 1686 1212 1742 pretium
1243 1686 1359 1729 mihi
1391 1687 1574 1732 videtur
1604 1702 1836 1746 compara-

205 1753 379 1798 tionem
425 1755 547 1798 inter
593 1755 719 1810 duas,
768 1770 880 1813 quas
925 1771 1050 1799 nunc
1101 1756 1337 1811 habemus,
1390 1757 1568 1802 fabulas
1618 1761 1835 1817 satyricas

203 1824 444 1869 instituere
485 1829 637 1882 atque,
680 1830 907 1884 quatenus
947 1831 1028 1870 aut
1068 1828 1156 1870 arti
1197 1832 1278 1871 aut
1313 1828 1530 1872 historiae
1566 1844 1687 1874 nova
1717 1831 1834 1887 frag-

202 1899 359 1940 menta
389 1896 441 1940 in
471 1897 598 1940 lucro
630 1897 721 1940 sint
751 1898 977 1955 ponenda,
1001 1898 1291 1955 investigare.
1316 1899 1418 1950 Qua
1439 1914 1544 1943 cum
1567 1902 1832 1958 quaestione

201 1966 394 2011 alteram
434 1968 577 2022 illam,
615 1968 829 2012 omnibus
859 1969 1132 2025 graviorem,
1165 1970 1389 2026 quidnam
1420 1970 1535 2014 lucis
1565 1975 1610 2015 et
1641 1972 1834 2030 Cyclops

201 2041 247 2082 et
286 2038 583 2096 Indagatores
624 2040 674 2083 in
717 2040 950 2096 trayoediae
988 2041 1195 2097 origin-em
1230 2041 1571 2099 inquirentibus
1601 2042 1831 2099 praebeat,

201 2123 341 2167 quem
386 2110 445 2172 qd
491 2111 667 2154 fontem
713 2111 884 2155 indicia
930 2112 1038 2154 satis
1085 2126 1188 2156 rara
1232 2126 1315 2155 nos
1361 2112 1525 2156 ducere
1574 2114 1830 2169 videantur,

199 2180 297 2224 arte
342 2181 583 2225 cohaerere
630 2182 710 2226 vix
756 2186 824 2225 est
870 2183 1170 2226 monendum.
1209 2183 1369 2239 ltaque
1401 2184 1556 2226 statim
1588 2189 1831 2242 postquam

200 2255 356 2295 nostra
396 2253 657 2308 fragmenta
698 2252 870 2310 publici
913 2254 1025 2296 iuris
1066 2258 1173 2297 sunt
1209 2255 1341 2304 facta,
1375 2258 1734 2299 consentaneum
1766 2260 1832 2300 est

200 2322 411 2380 quemvis
452 2323 591 2367 huius
633 2324 911 2380 quaestionis
952 2324 1205 2367 studiosum
1239 2338 1380 2381 quam
1411 2325 1613 2368 maxime
1645 2340 1830 2383 operam

196 2393 390 2447 dedisse,
437 2397 490 2436 ut
535 2398 709 2451 satyros
750 2394 1025 2451 Sophocleos
1066 2394 1428 2452 Euripideosque
1469 2396 1590 2439 inter
1630 2411 1676 2440 se
1713 2412 1831 2440 com-

198 2464 416 2521 parando,
460 2465 747 2521 suggerendo
789 2480 846 2508 ex
886 2466 1030 2509 altera
1070 2470 1116 2508 et
1156 2465 1422 2522 supplendo,
1462 2481 1578 2523 quae
1609 2467 1657 2510 in
1689 2467 1832 2512 altera

198 2535 410 2579 abessent
439 2535 513 2579 vel
545 2535 700 2579 abesse
731 2537 1011 2590 viderentur,
1045 2537 1100 2579 de
1132 2536 1274 2580 Sileni
1307 2537 1481 2592 origine
1511 2538 1831 2594 antiquissima

198 2610 243 2649 et
289 2597 355 2649 de¹
390 2606 594 2661 genuina
641 2607 907 2663 Satyrorum
956 2611 1122 2650 natura
1168 2621 1309 2664 quam
1352 2607 1550 2663 plurima
1591 2609 1829 2653 conferret.

199 2677 438 2720 Eiusmodi
490 2681 644 2720 autem
698 2678 942 2721 conamina
994 2693 1114 2722 vana
1166 2692 1259 2721 esse
1312 2682 1357 2721 et
1402 2679 1660 2734 fragmenta
1700 2679 1830 2723 nobis

199 2752 378 2792 servata
409 2747 548 2791 nimis
581 2763 674 2792 esse
706 2748 926 2805 dissipat-a
958 2753 1002 2792 et
1033 2749 1302 2805 interrupta,
1337 2763 1476 2806 quam
1504 2753 1555 2792 ut
1575 2750 1686 2793 certi
1707 2751 1830 2806 quic-

183 2832 337 2875 quam
371 2819 479 2862 inde
512 2822 710 2863 statuere
738 2820 975 2876 possimus,
1004 2834 1086 2876 pro
1110 2822 1231 2863 certo
1252 2819 1412 2873 habeo,
1436 2834 1541 2863 cum
1563 2821 1828 2876 praesertim

199 2890 350 2933 omnis
392 2890 684 2946 investigatio
725 2891 863 2934 hocce
903 2905 930 2933 a
960 2905 1093 2934 versu
1126 2890 1349 2947 proficisci
1381 2890 1556 2944 debeat,
1590 2905 1680 2948 quo
1711 2893 1829 2949 capri

197 2961 386 3004 nomine
407 2960 588 3004 Silenus
609 2975 636 3004 a
652 2961 843 3017 Cyllena
859 2961 1160 3018 compelletur
1176 2961 1259 3018 (VS.
1276 2961 1398 3017 358);
1421 2965 1575 3004 errant
1591 2965 1758 3015 autem,
1778 2967 1829 3005 ut

196 3031 289 3074 iam
313 3031 484 3088 scripsi,
510 3032 589 3088 qui
612 3031 736 3075 hunc
759 3046 942 3075 versum
960 3032 1022 3074 sic
1040 3031 1282 3088 explicent,
1301 3036 1352 3074 ut
1369 3031 1576 3075 Silenum
1593 3032 1684 3088 (vel
1701 3031 1827 3089 Saty·

196 3102 286 3159 ros)
309 3102 433 3159 capri
457 3102 604 3159 specie
626 3102 882 3159 antiquitus
909 3106 1122 3145 ornatum
1150 3102 1286 3145 fuisse
1315 3102 1414 3145 hinc
1440 3102 1625 3146 eliciant
1633 3117 1643 3157 ;
1670 3102 1727 3146 ob
1743 3102 1827 3146 las-
