2274 3750
1197 352 1402 395 -4-

779 487 915 526 Πᾶσιν
946 490 1057 525 &folo
1087 486 1152 525 καὶ
1185 491 1308 526 πᾶσιν
1340 483 1521 537 ἀγγέλλω
1552 486 1711 541 βροτοῖσ

777 557 841 595 καὶ
874 554 982 608 δῶρα
1013 555 1259 610 χρυσόφανίΡ
1291 558 1559 611 ὑπισχνοῦμαι
1592 554 1730 605 τελεῖν,

777 625 829 666 ἄν
862 640 924 667 τισ
954 626 1107 680 κομίζηι
1139 627 1251 678 τάμὰ
1283 625 1409 668 πάλιν
1440 627 1690 680 ἀπόπροθεν.

540 731 570 776 5
591 746 656 789 sq.
691 732 723 789 [.
760 767 767 775 .
804 767 812 775 .
849 732 962 790 .]τα[
966 767 1330 777 .........
1363 733 1486 790 βο]ῦσ
1518 732 1755 786 ἀμολγάδασ

689 803 906 860 [winheim
937 804 1002 861 [τε
1034 806 1098 844 καὶ
1131 805 1232 846 νέων
1257 804 1464 862 «νόμευμ]α
1497 804 1710 857 πορτίδων.

541 873 713 918 Versus
759 874 821 917 sie
870 874 926 917 ab
978 875 1159 918 Huntio
1206 875 1403 918 restituti
1446 875 1606 919 eadem
1637 876 1731 919 fere
1763 875 1895 918 nobis
1926 879 2116 919 narrant

484 949 621 1002 atque
669 945 779 988 olim
827 945 950 1002 apud
993 945 1248 989 Hesiodum
1280 946 1397 989 lecta
1429 961 1523 990 esse
1555 947 1783 991 videntur.
1818 946 1884 990 Of.
1918 945 2058 991 verba
2089 960 2116 989 a

483 1016 688 1072 Kuipero
707 1016 741 1067 1)
788 1031 846 1059 ex
887 1016 1077 1059 Hesiodi
1121 1018 1283 1058 Ἠοίαισ
1314 1017 1473 1061 citata:
1513 1016 1729 1059 ἀπελαύνει
1762 1018 1932 1071 πόρτιασ
1963 1016 2115 1058 δώδεκα

481 1088 545 1127 καὶ
593 1088 735 1128 ἑκατὸν
783 1087 883 1142 βοῦσ
927 1087 1083 1138 ἄζυγασ
1127 1090 1192 1128 καὶ
1236 1095 1397 1141 ταῦρον,
1431 1090 1476 1128 ὃσ
1507 1097 1598 1130 ταῖσ
1627 1089 1765 1144 βοῦσιν
1797 1089 2018 1144 ἐπέβαινεν.
2051 1088 2115 1131 At

482 1157 642 1201 ceteris
672 1157 782 1201 locis
813 1172 994 1215 semper
1025 1158 1139 1202 boves
1168 1159 1280 1202 solae
1310 1159 1623 1213 nominantur,
1657 1172 1797 1216 quam
1829 1158 1886 1202 ob
1918 1173 2015 1203 rem
2048 1173 2115 1215 ea,

481 1242 597 1285 quae
629 1229 745 1272 Lud.
779 1229 1011 1286 Koettgen
1028 1230 1062 1288 2)
1090 1230 1146 1274 de
1171 1234 1290 1274 tauro
1313 1245 1377 1274 vs.
1401 1234 1564 1288 quarto
1586 1231 1867 1274 iestituendo
1889 1230 2114 1284 disseruit,

481 1299 750 1343 verisimilia
780 1315 875 1344 non
907 1302 1137 1345 videntur.
1172 1302 1237 1346 Of.
1272 1316 1359 1346 vss.
1394 1302 1462 1356 76,
1498 1302 1597 1356 161,
1631 1302 1739 1356 2023
1775 1302 1950 1358 Hymn.
1973 1301 2112 1395 Mero.

482 1371 536 1414 7]
560 1385 672 1428 sqq„
707 1373 1224 1427 106,116,190-197.

540 1501 583 1546 9.
617 1502 853 1548 Vocabula
885 1505 1053 1556 ἀφανῶσ
1085 1504 1282 1560 τέχναισιν
1313 1518 1407 1547 non
1439 1504 1610 1561 optime
1643 1504 1764 1547 inter
1794 1518 1841 1547 se
1874 1495 2114 1547 cohaerere

482 1577 526 1615 et
558 1574 725 1626 ἀφανῶσ
754 1574 878 1618 idem
911 1589 1005 1617 esse
1038 1575 1160 1631 quod
1193 1573 1342 1628 λάθρια
1364 1574 1537 1617 iudicat
1559 1574 1853 1630 Vollgraffius
1870 1574 1929 1630 3);
1952 1573 2127 1618 collata

482 1649 638 1688 autem
686 1645 854 1688 Huntii
902 1645 1133 1689 versione:
1187 1645 1479 1702 „wandering
1519 1645 1569 1687 in
1600 1649 1754 1688 ‘secret
1785 1646 1854 1688 far
1884 1645 2002 1688 from
2035 1644 2113 1688 the

482 1715 654 1759 oattle's
687 1730 891 1772 manger,
924 1716 1097 1759 hidden
1130 1716 1190 1772 by
1223 1731 1347 1759 some
1369 1716 1586 1769 artifiee,''
1608 1715 1694 1759 hoe
1717 1715 1904 1773 quidem
1926 1715 2025 1759 loeo
2045 1714 2113 1758 nil

482 1802 555 1829 me
603 1787 806 1830 offendit.
857 1786 973 1830 Cum
1019 1786 1187 1844 plurali
1230 1801 1423 1830 numero
1455 1787 1650 1842 τέχναισιν
1683 1786 1977 1843 Vollgraffius
2007 1790 2112 1844 apte

482 1862 717 1914 comparat
749 1858 924 1914 Hymn.
959 1858 1097 1902 Mero.
1131 1873 1194 1902 vs.
1229 1858 1314 1902 317
1337 1859 1469 1912 αὐτὰρ
1490 1859 1510 1898 ὃ
1533 1859 1728 1914 τέχνηισίν
1751 1874 1792 1899 τε
1814 1859 1878 1899 καὶ
1900 1856 2111 1910 αἱμυλίοισι

481 1928 651 1980 λόγοισιν
691 1930 693 1975 Ι
730 1927 874 1982 ἤθελεν
905 1928 1118 1977 ἐξαπατᾶν
1151 1927 1379 1983 ,Κυλλήνιοσ
1410 1928 1714 1983 ’.Αργυρότοξοκ

539 2045 591 2091 11.
643 2046 830 2104 [δρᾶσ]αι
886 2046 970 2089 τόδ’
1022 2047 1156 2104 {mser
1209 2043 1306 2104 ὧδε]
1359 2049 1461 2101 πρὺσ
1510 2045 1666 2100 τόλμαν
1711 2055 1856 2090 πεσεῖν.
1906 2047 2112 2090 Annotat

482 2118 776 2174 Vollgraffius
817 2117 878 2162 l.l.
921 2133 1023 2175 pag.
1058 2119 1136 2162 82:
1175 2118 1487 2172 „Adverbium
1519 2115 1594 2159 ὧδε
1625 2118 1878 2162 admodum
1908 2117 2110 2174 languet.

482 2189 629 2232 Multo
660 2190 909 2246 praestabit
940 2189 1134 2233 scribere
1166 2188 1299 2230 οὐδὲ.”
1331 2189 1465 2232 Nune
1486 2193 1643 2233 autem
1663 2188 1781 2232 mihi
1803 2192 1956 2232 textus
1977 2189 2111 2234 valde

480 2259 681 2316 languet,
715 2261 795 2317 qui
827 2261 996 2303 Huntii
1029 2260 1404 2317 supplementum
1430 2260 1504 2317 (ad
1530 2265 1691 2303 tantam
1711 2260 1951 2317 pervenire
1973 2260 2112 2304 auda-

482 2331 617 2388 ciam)
650 2332 822 2388 optime
853 2331 1135 2388 intellegam,
1169 2331 1280 2388 quid
1312 2335 1468 2374 autem
1499 2333 1600 2384 πρὸσ
1622 2329 1778 2384 τόλμαν
1799 2339 1931 2372 πεσεῖν
1953 2331 2111 2383 (auda-

481 2416 580 2445 cem
613 2417 659 2445 se
691 2402 926 2459 praebere)
957 2406 1111 2445 nostro
1144 2402 1242 2445 loeo
1273 2401 1359 2445 sibi
1389 2402 1515 2455 velit,
1548 2416 1642 2444 non
1674 2402 1959 2458 perspiciam.
1990 2401 2110 2444 Nam

482 2476 526 2515 et
572 2473 678 2516 deos
725 2477 769 2516 et
814 2473 1025 2516 homines
1071 2473 1287 2516 mortales
1332 2472 1593 2529 saepissime
1640 2474 1742 2526 πρὸσ
1783 2471 1938 2525 τόλμαν
1978 2481 2111 2515 πεσεῖν

480 2544 745 2600 Apollinem
767 2558 917 2601 neque
939 2544 1220 2600 ignoravisse
1243 2558 1393 2600 neque
1415 2543 1700 2600 obstupuisse
1723 2558 1896 2587 censeo,
1910 2543 2109 2599 Versum

482 2615 619 2658 vertit
666 2615 822 2659 Hunt:
874 2615 990 2666 „For
1031 2614 1053 2657 I
1095 2614 1246 2658 would
1278 2618 1359 2657 not
1389 2615 1508 2659 have
1540 2614 1739 2670 thought
1769 2614 1871 2657 that
1901 2628 1994 2671 any
2023 2627 2109 2657 one

481 2686 627 2729 either
658 2687 706 2729 of
734 2686 811 2730 the
843 2686 955 2743 gods
986 2700 1037 2729 or
1067 2686 1116 2729 of
1143 2686 1222 2729 the
1253 2685 1417 2728 moi-tal
1450 2689 1678 2729 ereatures
1709 2686 1757 2728 of
1785 2700 1812 2729 a
1842 2684 1932 2742 day
1958 2684 2109 2729 would

480 2756 599 2810 have
646 2757 786 2801 dared
832 2771 881 2800 so
927 2758 998 2800 far
1043 2771 1092 2800 as
1133 2760 1178 2800 to
1217 2757 1275 2799 do
1306 2757 1398 2800 this
1429 2756 1587 2801 deed.''
1621 2757 1835 2800 Ceterum
1867 2756 2013 2799 rarius
2043 2759 2110 2798 est

533 2887 565 2932 ¹)
591 2886 838 2933 Mnemosyne
865 2885 1060 2921 XXXVIII
1086 2885 1148 2932 (N.
1175 2884 1240 2932 S.),
1267 2896 1353 2932 pag.
1377 2884 1436 2921 40.

532 2945 566 2991 ²)
604 2947 707 2986 Quae
744 2945 844 2980 ratio
884 2944 1100 2980 intercedat
1138 2944 1242 2980 inter
1279 2944 1530 2990 Indagatores
1568 2943 1738 2979 fabulam
1783 2943 2029 2990 Sophocleum
2069 2946 2109 2978 et

481 3003 677 3050 Ilymnum
708 3004 747 3039 in
774 3003 1006 3039 Mercurium
1037 3003 1103 3050 qui
1130 3003 1254 3039 fertur
1279 3003 1514 3038 Homericus.
1541 3002 1636 3040 Diss.
1663 3003 1797 3048 Inaug.
1825 3003 1979 3038 Bonnae
2004 3001 2109 3048 1914,

481 3074 566 3109 pag.
591 3062 632 3098 (31
655 3074 736 3110 sqq.

532 3123 566 3167 ³)
591 3122 836 3168 Mnemosyne
863 3122 964 3157 XLII
989 3122 1051 3169 (N.
1077 3121 1146 3168 S.),
1171 3132 1257 3168 pag.
1281 3121 1338 3158 81.
