2274 3750
1193 356 1427 398 -80-

492 502 678 544 groszen
725 487 823 530 und
867 486 1200 543 erfolgreichen
1246 487 1416 545 Kriege
1462 488 1829 547 durchdrungen·
1865 491 1963 535 sein
2002 491 2126 538 lesit.

494 558 597 613 (197
616 572 723 614 sqq;
757 557 866 611 277;
901 558 1019 615 290.)
1053 557 1167 600 Zum
1194 559 1371 602 andern
1393 560 1590 604 verleiht
1617 575 1666 604 er
1692 561 1806 616 ihm,
1829 562 1912 606 wie
1935 563 2125 618 Homer,

493 629 573 671 das
605 629 774 672 Gefiihl
806 629 886 672 der
917 629 1302 673 Kameradschaft
1333 631 1427 674 und
1452 631 1934 677 Verantwortlichkeit
1953 634 2028 678 fiir
2049 635 2130 679 des

493 699 726 743 Schicksal
759 700 908 743 seiner
939 700 1192 744 Gefahrten
1225 700 1392 759 (477).”

552 770 680 814 Haec
721 785 830 814 vera
872 785 967 815 esse
1009 785 1103 815 non
1145 786 1285 828 nego;
1329 787 1435 816 cum
1478 777 1647 828 tamen,
1690 788 1808 831 quae
1845 775 1941 832 ipse
1972 780 2129 820 narrat

498 841 666 896 Ulixes,
713 846 924 886 accurate
971 842 1156 899 perlego
1201 847 1339 899 atque
1382 845 1628 901 perpendo,
1671 860 1766 888 non
1807 845 1980 901 dubito,
2013 847 2128 904 quin

492 913 627 956 unice
679 916 855 956 rectum
906 914 965 956 sit
1015 913 1283 957 habendum
1345 915 1634 972 Bernhardyi
1695 916 1932 971 iudicium,
1990 918 2127 976 quod,

492 983 650 1040 paucis
697 985 885 1041 quidem
932 984 1095 1038 verbis,
1144 985 1384 1042 perspicue
1425 986 1488 1029 sic
1530 988 1744 1043 exposuit
1765 988 1821 1041 1):
1875 988 2129 1045 „Odysseae

492 1056 649 1098 macht
689 1056 779 1099 den
821 1056 1059 1099 Eindruck
1102 1057 1230 1099 einer
1259 1057 1509 1100 verbla-szten
1542 1059 1776 1114 trayischen
1807 1059 1973 1115 Fiyw·;
2001 1059 2126 1104 seine

492 1126 706 1183 Haltung
737 1127 922 1171 verrath
954 1141 1044 1170 nur
1075 1127 1285 1171 schwach
1317 1128 1398 1171 das
1429 1128 1735 1185 Selbstgefiihl
1769 1131 1863 1173 und
1892 1130 1966 1174 die
1994 1130 2130 1175 Kraft

493 1198 572 1240 des
604 1198 876 1241 heroi'schen
909 1198 1189 1242 Zeitalters.'’

555 1269 773 1326 Cyclopem
815 1284 909 1313 esse
951 1270 1139 1325 ὑβριστήν
1183 1287 1224 1311 τε
1267 1272 1331 1311 καὶ
1373 1270 1509 1324 ἄγριον
1551 1271 1641 1312 οὐδὲ
1673 1271 1823 1314 δίκαιον
1855 1272 1989 1316 tertio
2019 1286 2130 1331 quo-

493 1354 582 1397 que
615 1340 755 1385 verbo
787 1340 919 1383 nobis
950 1341 998 1383 in
1031 1345 1236 1384 mentem
1267 1342 1471 1386 revocari
1503 1356 1596 1385 non
1629 1347 1708 1397 est,
1741 1343 1864 1400 quod
1892 1343 2128 1396 miremur,

492 1411 636 1454 immo
678 1411 871 1454 Homeri
914 1412 1134 1454 imitatori
1182 1412 1314 1455 facile
1361 1413 1664 1469 ignoscimus;
1713 1414 1835 1471 quod
1882 1413 2127 1472 Cyclopem

494 1483 632 1526 etiam
693 1481 963 1538 παιδεραστήν
1013 1487 1059 1526 et
1109 1483 1303 1526 deformi
1355 1483 1499 1527 Sileni
1549 1491 1705 1528 amore
1757 1488 1942 1542 captum
1994 1484 2131 1529 finxit

493 1553 598 1608 (580
620 1554 749 1611 sqq),
796 1554 843 1597 id
890 1567 1074 1611 quoque
1120 1569 1147 1597 a
1193 1558 1343 1597 cetera
1388 1554 1545 1598 fabula
1591 1569 1683 1598 non
1730 1555 1957 1609 abhorret,
1980 1584 1982 1589 ι
2004 1555 2137 1613 quod,
2173 1570 2198 1618 j
2230 1579 2255 1629 ,ἐ

492 1628 662 1678 autem,
696 1625 854 1668 eadem
889 1638 998 1668 usus
1029 1628 1140 1679 arte,
1173 1639 1314 1682 quam
1347 1626 1484 1669 modo
1515 1626 1639 1682 apud
1665 1625 1851 1683 Satyros
1871 1625 2129 1671 adhibitam

493 1695 711 1750 vidimus,
746 1700 1004 1739 monstrum
1035 1695 1150 1739 illud
1184 1697 1334 1739 omnis
1364 1697 1668 1740 humanitatis
1699 1697 1940 1755 cultusque
1963 1711 2128 1754 expers
2212 1748 2217 1753 „
2266 1723 2269 1725 ·

493 1766 812 1823 Sophistarum
853 1767 962 1810 fecit
1002 1770 1284 1821 sectatorem,
1328 1768 1408 1824 qui
1449 1768 1687 1812 sententiis
1718 1768 1843 1812 haud
1876 1767 2126 1826 Cyclopeis,

492 1840 540 1879 at
571 1851 754 1893 prorsus
785 1846 1031 1890 σοφιστικαῖσ
1061 1837 1287 1880 rationem
1319 1852 1450 1881 suam
1483 1842 1696 1895 exponat,
1729 1838 1829 1891 hoc,
1855 1839 1941 1892 aie,
1962 1853 2124 1896 quam-

493 1921 630 1964 quam
681 1908 824 1951 risum
871 1909 1073 1964 profecto
1120 1908 1266 1953 movit
1313 1912 1358 1951 et
1403 1908 1694 1966 aliquantum
1741 1909 1909 1966 leporis
1949 1909 1999 1953 in
2039 1910 2126 1954 hac

492 1981 621 2034 parte
658 1978 741 2035 (vs.
779 1979 866 2022 316
887 1981 1004 2035 sqq.)
1035 1979 1180 2021 inesse
1213 1978 1410 2022 libenter
1441 1979 1653 2034 concedo,
1686 1979 1866 2023 subtilis
1894 1994 1991 2023 esse
2022 1981 2128 2025 arti·

493 2049 589 2091 ficis
636 2049 752 2092 mihi
799 2063 893 2092 non
941 2049 1135 2103 videtur,
1183 2053 1231 2093 at
1276 2050 1428 2106 potius
1474 2050 1717 2094 imitatoris
1764 2051 1950 2106 ingenio
1980 2050 2124 2105 abusi,

493 2121 573 2176 qui
621 2120 773 2163 locum
821 2119 1013 2163 Homeri
1059 2121 1158 2177 ipsa
1203 2120 1428 2165 brevitate
1475 2121 1917 2178 praestantissimum
1966 2121 2124 2179 (Hom.

493 2190 576 2235 od.
611 2191 681 2233 IX
713 2191 798 2235 273
821 2196 936 2248 sqq.)
969 2191 1115 2234 nimia
1136 2191 1411 2236 verbositate
1433 2195 1478 2235 et
1498 2190 1770 2248 ambagibus
1791 2192 2125 2250 depravaverit.

552 2262 724 2316 Restat,
757 2266 809 2305 ut
839 2263 1116 2318 paucissima
1146 2263 1371 2306 addamus
1402 2262 1458 2306 de
1491 2262 1701 2319 Cyclopis
1733 2262 1914 2307 fabulae
1945 2278 2126 2322 compo·

492 2333 668 2387 sitione,
702 2347 842 2390 quam
874 2333 1258 2382 infelicissimam·
1280 2334 1519 2377 nominare
1563 2334 1778 2391 equidem
1819 2349 1913 2379 non
1950 2335 2124 2381 dubito.

493 2405 610 2448 Nam
659 2404 770 2461 quid
818 2404 1047 2447 infelicius
1094 2405 1151 2447 ab
1199 2405 1420 2461 Euripide
1467 2405 1715 2461 excogitari
1762 2409 1942 2461 poterat
1983 2420 2123 2464 quam

492 2476 678 2532 Satyros
718 2479 856 2532 atque
897 2475 1106 2519 Silenum
1149 2476 1368 2532 pulchrae
1401 2475 1594 2518 Homeri
1627 2476 1879 2519 narrationi
1910 2476 2123 2531 inserere,

492 2547 659 2591 deinde
690 2551 843 2590 autem
877 2547 1025 2590 isdem
1056 2546 1206 2590 nullas
1239 2547 1332 2590 fere
1365 2550 1516 2603 partes
1547 2546 1760 2601 tribuere,
1793 2547 1917 2591 unde
1948 2547 2123 2592 factum

493 2623 572 2674 est,
605 2622 657 2661 ut
687 2619 828 2662 otiose
853 2618 1126 2676 plerumque
1149 2618 1361 2661 adstent?
1390 2617 1727 2680 Gravissimum
1750 2618 1866 2662 mihi
1887 2619 1974 2662 hoc
1995 2619 2121 2663 vide-

492 2693 580 2744 tur,
613 2690 690 2733 sed
723 2690 863 2733 etiam
894 2690 984 2733 alia
1015 2688 1241 2732 nonnulla
1271 2689 1550 2733 invenimus,
1574 2689 1791 2747 Ineptum
1814 2705 1908 2734 esse
1935 2689 2122 2734 Ulixem

492 2761 771 2818 comitesque
817 2775 864 2804 se
911 2775 1006 2804 non
1052 2761 1172 2804 foras
1218 2760 1509 2817 proripuisse,
1558 2775 1663 2803 cum
1711 2775 1768 2804 ex
1817 2775 1902 2806 vss.
1947 2760 2034 2804 375
2075 2765 2121 2804 et

492 2831 735 2888 praecipue
777 2832 864 2875 480
906 2845 1028 2888 sqq.:

547 3010 576 3053 ¹)
613 3008 822 3045 Grundrisz
847 3008 918 3045 11².
944 3020 1029 3056 pag.
1054 3008 1137 3052 476,
1163 3018 1280 3055 quam
1308 3008 1668 3055 interpretationem
1697 3008 1988 3045 Wilamowitzii
2013 3018 2123 3055 prae-

492 3067 583 3114 fero,
620 3067 686 3114 qui
725 3068 897 3114 „herois”
935 3068 1074 3114 tragici
1111 3070 1219 3103 τύπον
1257 3067 1296 3103 in
1336 3066 1456 3102 Ulixis
1481 3078 1641 3114 persona
1671 3068 1719 3103 ab
1746 3067 1926 3115 Euripide
1951 3066 2118 3102 ludibrio

493 3125 638 3170 haberi,
664 3127 898 3172 ingeniosius
922 3138 1036 3173 quam
1066 3127 1191 3162 verius
1217 3126 1363 3173 opinor,
1387 3126 1562 3161 coniecit..
