2274 3750
1191 361 1424 406 ..78-

484 492 540 536 de
581 493 784 536 moribus
825 491 1096 548 Satyrorum
1138 492 1333 549 propriis
1374 493 1492 536 nihil
1528 493 1638 538 novi
1668 493 1890 537 afferunt:
1924 493 1980 537 de
2012 507 2116 538 ean-

483 564 584 607 tiois
609 564 641 621 1)
683 567 852 617 autem,
897 563 1112 620 quamvis
1153 563 1385 619 eleganter
1425 565 1701 621 compositis,
1743 579 1928 622 prorsus
1959 565 2119 609 eadem

485 635 652 688 valent,
687 649 804 691 quae
835 634 893 677 ad
926 648 1014 678 vss.
1046 633 1224 677 41—82
1256 635 1608 692 disputavimus.
1637 635 1732 679 Sub
1754 636 1896 680 finem
1918 639 2121 679 tantum-

485 706 621 748 modo
643 705 818 762 aliquid
841 705 1107 762 reperimus,
1132 705 1268 762 quod,
1291 720 1385 749 non
1407 707 1557 750 omnis
1578 707 1701 751 vitae
1718 721 1893 764 expers,
1911 707 2120 752 nativam

484 776 750 832 Satyrorum
779 776 983 819 indolem
1006 775 1347 832 quodammodo
1374 777 1506 820 nobis
1527 778 1694 821 referre
1716 778 1911 822 videtur.
1933 778 2119 822 Etenim

484 862 548 891 vs,
581 846 668 890 590
690 861 786 904 sqq.
820 847 878 890 ad
911 847 1096 890 oculum
1129 847 1339 905 Cyclopis
1371 848 1683 892 effodiendum
1715 849 1872 892 omnia
1898 853 2121 906 parantur

483 922 528 961 et
568 918 731 962 incitat
772 918 932 962 Ulixes
975 918 1172 974 Satyros,
1215 922 1268 961 ut
1307 933 1418 962 mox
1459 923 1666 963 strenuos
1704 934 1798 963 sese
1835 921 1957 965 viros
1994 934 2120 977 prae·

483 989 634 1044 beant,
693 988 861 1046 quibus
918 988 1070 1034 verbis
1127 989 1360 1046 intrepidi,
1420 991 1623 1047 periculo
1680 991 1851 1034 scilicet
1910 991 2118 1035 nondum

484 1064 735 1116 praesente,
768 1061 1047 1117 respondent
1079 1060 1254 1118 Satyri:

542 1132 629 1175 596
661 1132 814 1186 πέτρασ
845 1134 891 1172 τὸ
923 1131 1032 1185 λῆμα
1063 1130 1324 1185 κᾶδάμαντοσ
1356 1131 1506 1186 ἕξομεν.

542 1203 707 1246 Nonne
738 1203 851 1246 haee
883 1206 992 1245 sunt
1023 1202 1163 1247 verba
1191 1203 1453 1260 Sophocleis
1480 1204 1654 1260 Satyris
1681 1205 1851 1260 digna?
1867 1204 1902 1259 2)
1934 1204 2119 1248 Alacres

483 1275 648 1317 deinde
686 1275 913 1317 canticum
948 1278 1121 1317 canunt
1152 1274 1342 1331 plenum
1374 1275 1587 1332 impetus,
1612 1275 1732 1332 quod
1757 1276 1955 1319 dictione
1977 1275 2117 1319 nimis
2155 1322 2167 1333 ‚

484 1349 644 1388 ornata
675 1345 873 1388 liberum
906 1345 1076 1388 mansit
1107 1345 1393 1402 (608-622).

549 1417 637 1470 „At
684 1431 820 1470 nunc„
869 1417 1033 1472 θῆρεσ,”
1082 1417 1144 1459 sic
1191 1417 1357 1460 deinde
1406 1417 1577 1471 Ulixes,
1636 1421 1818 1470 „taeete,
1865 1418 1958 1461 iam
2005 1431 2120 1475 opus

485 1493 551 1531 est
607 1488 984 1544 aggrediendum,
1042 1488 1113 1539 ἄγε
1163 1504 1238 1531 νυν
1283 1490 1398 1530 ὅπωσ
1441 1490 1599 1543 ἄφεσθε
1645 1497 1717 1530 τοῦ
1763 1487 1889 1530 δαλοῦ
1935 1489 2094 1547 χεροῖνι

483 1559 558 1600 ’ἔσω
589 1558 793 1612 μολόντεσ·
828 1558 1023 1614 διάπυροσ
1054 1558 1091 1600 δ’
1122 1560 1228 1602 ἐστὶν
1260 1558 1437 1602 καλῶσ.”

542 1630 603 1674 Et
652 1630 841 1685 tandem
893 1644 1062 1687 magno
1107 1645 1214 1686 cum
1259 1631 1429 1687 gaudio
1476 1634 1521 1674 et
1567 1632 1689 1688 apud
1737 1631 1871 1674 hosce
1918 1630 2116 1687 Satyros,

484 1702 693 1744 omnium
737 1707 893 1744 rerum
935 1702 1104 1758 peritos
1152 1706 1197 1745 et
1244 1702 1458 1756 eruditos,
1505 1702 1722 1759 pristinos
1768 1716 1916 1745 mores
1962 1701 2122 1746 adesse

483 1773 814 1829 cognoscimus,
857 1772 976 1816 Nam
1020 1776 1072 1816 ut
1113 1776 1244 1816 erant
1285 1773 1422 1816 modo
1462 1773 1700 1830 impavidi,
1739 1773 1802 1816 sie
1833 1787 1971 1828 nune,
2004 1772 2120 1830 peri-

484 1844 586 1887 culo
644 1844 858 1898 instante,
918 1844 1147 1901 trepidare
1205 1847 1342 1901 atque
1400 1844 1625 1888 haesitare
1681 1843 1923 1901 incipiunt,
1979 1857 2118 1901 quem

483 1919 638 1958 tamen
691 1919 868 1958 metum
920 1915 1087 1969 callidi,
1140 1918 1192 1958 ut
1233 1915 1320 1958 sibi
1362 1915 1591 1970 videntur,
1634 1915 1922 1959 dissimulare
1953 1915 2117 1959 sciunt.

482 1986 644 2043 Itaque
687 1986 1045 2043 qualescumque
1087 2000 1245 2030 causas
1282 1986 1479 2042 fingunt,
1512 2001 1571 2030 ne
1603 1986 1805 2044 periculo
1837 1986 2117 2030 obiciantur:

482 2071 619 2099 nemo
661 2071 755 2100 sese
796 2058 846 2100 in
888 2057 1037 2100 fronte
1079 2057 1289 2100 collocari
1331 2058 1517 2115 patitur,
1560 2058 1635 2100 hie
1682 2057 1832 2100 subito
1877 2057 2118 2111 claudicat,

482 2128 679 2171 alterum
722 2129 874 2171 neseio
906 2143 997 2185 quo
1031 2129 1166 2171 modo
1199 2129 1300 2173 visu
1333 2128 1565 2185 privatum
1598 2143 1692 2171 esse
1723 2130 1925 2185 apparet,
1959 2141 2118 2171 omnes

482 2198 682 2256 denique
723 2200 922 2253 student,
966 2203 1017 2242 ut
1048 2199 1305 2256 perieulum
1338 2200 1575 2255 effugiant.
1607 2199 1814 2243 Tandem
1847 2199 1990 2255 igitur
2019 2199 2115 2244 veri

484 2274 592 2313 sunt
634 2270 784 2326 Satyri
825 2271 947 2324 facti,
990 2270 1178 2313 tandem
1222 2270 1387 2327 puerili
1421 2276 1558 2326 θηρῶν
1589 2271 1748 2313 fraude
1779 2274 1916 2327 atque
1948 2283 2118 2327 pavore

482 2340 778 2395 delectamur,
810 2342 978 2384 austeri
1013 2341 1246 2398 Euripidis
1276 2342 1450 2398 ingenii
1483 2356 1510 2384 a
1536 2345 1793 2398 satyrorum
1820 2341 1995 2384 laetitia
2021 2344 2115 2384 tam

482 2412 618 2455 alieni
666 2413 896 2470 paulisper
942 2413 1247 2467 immemores,
1295 2427 1386 2470 quo
1434 2413 1580 2469 magis
1627 2427 1735 2456 sane
1776 2412 1984 2455 dolemus
2023 2399 2116 2454 iani

482 2498 546 2527 vs.
581 2483 667 2526 646
698 2486 911 2529 nativum
942 2484 1211 2541 Satyrorum
1242 2484 1446 2541 leporem
1478 2484 1660 2541 perisse,
1688 2484 1766 2527 ubi
1790 2484 1968 2538 chorus,
1990 2483 2116 2539 igna-

482 2554 606 2598 viam
648 2569 777 2598 suam
825 2555 966 2599 libere
1014 2556 1255 2609 confessus,
1305 2569 1478 2599 novum
1533 2555 1761 2599 auxilium
1809 2554 2023 2612 praebet.
2045 2589 2054 2599 .
2075 2587 2084 2598 .
2105 2587 2115 2599 .

484 2625 656 2682 Orphei
688 2626 1048 2670 incantationem
1072 2626 1123 2684 3).

542 2696 628 2739 Sed
671 2696 783 2740 haec
824 2698 1059 2742 haetenus
1103 2696 1272 2741 Omnia
1301 2701 1470 2750 autem,
1504 2711 1621 2754 quae
1653 2697 1709 2740 de
1741 2697 1913 2753 Satyris
1944 2709 2114 2751 cogno—

535 2898 569 2943 ¹)
593 2897 800 2943 356—375;
827 2896 1035 2943 483—503;
1062 2896 1126 2933 511
1150 2908 1230 2944 sqq.

535 2956 569 3003 ²)
593 2956 647 2994 Of.
675 2956 755 2992 Ind.
781 2956 862 2993 146.

535 3014 569 3060 ³)
592 3017 667 3050 ἀλλ’
692 3012 756 3050 οἶδ’
782 3018 931 3061 ἓπωιδὴν
957 3016 1105 3063 Ὀρφίωσ
1128 3019 1270 3061 ἀγαθὴν
1295 3018 1399 3058 πάνυ,
1427 3015 1496 3050 κτλ.

531 3074 708 3109 Eiusdem
747 3075 944 3122 prosapiae
983 3078 1074 3110 sunt
1112 3074 1215 3109 chori
1253 3073 1365 3109 verba
1393 3085 1442 3110 vs.
1467 3073 1556 3108 654:
1582 3076 1690 3120 δράσω
1716 3075 1802 3108 τάδ’.
1827 3076 1869 3108 ἓν
1894 3076 1970 3108 τῶι
1999 3075 2113 3120 Καρὶ

483 3136 835 3175 κινδυνεύσομεν.
