2274 3750
893 354 1127 397 -45-

97 528 101 535 ,
199 481 443 526 Pearsonio
480 482 771 540 [audaxqroa
802 483 862 541 [δ’
883 483 964 542 ἐ’τ]’
996 483 1083 527 κτλ.
1117 484 1204 541 (ed.
1239 485 1452 530 Cantabr.
1475 499 1577 543 pag.
1601 485 1708 530 259:
1737 500 1822 540 „on

86 590 92 615 ἶ,
155 547 165 555 “
197 552 276 596 the
316 553 497 610 ground
538 554 639 597 that
679 569 705 598 a
748 555 872 598 word
906 555 1172 613 expressing
1202 557 1478 600 intentional
1509 557 1824 600 ooncealment

83 671 101 685 ,-
195 624 235 668 is
265 625 541 683 required.'')
573 625 868 682 Vollgraffius
898 627 1113 683 proponit
1154 626 1485 670 κάνένδυτόσ
1513 632 1551 680 7³
1574 626 1630 669 ἔτ’
1651 629 1729 669 ἐστὶ
1754 635 1826 670 τοῦ

84 690 141 760 J'
184 696 353 749 πατρὸσ
391 696 494 737 θέσει
535 696 707 749 („iussu
752 697 893 753 patris
924 698 1076 741 adhuc
1106 703 1208 741 veste
1238 698 1406 751 caret''),
1439 699 1518 742 sed
1550 698 1718 742 Huntii
1750 698 1824 744 vel

85 756 93 763 ’
196 765 430 810 Pearsonii
471 766 845 824 supplementum
887 769 1033 812 multo
1075 773 1303 826 praestare
1340 769 1548 824 arbitror,
1582 784 1705 825 nam,
1737 770 1821 813 etsi

196 837 364 891 omnia,
408 851 526 894 quae
568 838 623 882 de
666 838 892 882 Mercurio
933 841 1235 894 σπαργανιώτηι
1259 841 1293 896 1)
1330 841 1556 895 disseruit,
1589 841 1823 885 verissime

90 957 127 963 ⁷,
195 912 304 952 sunt
343 908 586 966 disputata,
630 924 724 952 non
766 913 922 954 tamen
963 910 1194 967 intellego,
1238 926 1319 955 cur
1359 911 1472 955 utile
1513 912 1572 955 sit
1621 911 1822 969 „aliquid

123 974 148 994 ³
194 992 493 1037 praemonere
534 984 580 1023 et
620 981 780 1024 docere
823 985 1110 1038 spectatores,
1144 996 1285 1039 quam
1318 982 1374 1025 ob
1411 997 1508 1026 rem
1542 982 1821 1026 Mercurium

75 1047 78 1054 ’
195 1049 346 1094 adhuc
377 1050 578 1094 infantili
611 1055 774 1095 ornatu
807 1056 1076 1096 contentum
1093 1067 1187 1096 esse
1211 1053 1505 1111 oporteret.'';
1529 1054 1592 1097 sic
1609 1053 1820 1110 equidem

195 1125 353 1165 contra
399 1137 593 1177 vererer,
640 1138 698 1166 ne
745 1127 867 1167 totus
912 1125 1038 1167 iocus
1084 1125 1141 1167 ad
1173 1125 1355 1167 irritum
1389 1124 1581 1168 caderet.
1615 1124 1675 1167 Et
1711 1124 1820 1181 quid

195 1184 403 1250 spectans
444 1193 652 1251 Iuppiter
695 1194 908 1252 Optimus
938 1195 1172 1238 Maximus
1204 1195 1355 1239 subito
1387 1199 1480 1239 tam
1515 1194 1822 1249 πολυπράγμων

193 1267 260 1308 est
291 1265 450 1319 factus,
483 1269 534 1308 ut
566 1265 695 1308 filioli
728 1267 798 1309 sui
829 1266 902 1311 vel
935 1281 1111 1322 pannos
1143 1267 1301 1310 curet?
1759 1256 1762 1259 ‚

254 1338 408 1390 πατρὸσ
437 1336 556 1378 θέσει.
599 1336 798 1380 Auctore
830 1337 1009 1380 Huntio
1042 1351 1202 1380 omnes
1234 1341 1421 1382 vertunt
1456 1337 1622 1394 „patris
1647 1338 1817 1381 iussu”.

193 1405 400 1455 Fortasse
442 1411 598 1452 tamen
640 1409 782 1465 patris
813 1409 1064 1466 depositione
1095 1409 1141 1466 (i.
1176 1424 1212 1454 e.
1246 1423 1273 1452 a
1303 1412 1431 1466 patre
1464 1409 1740 1466 depositum)
1772 1409 1821 1451 in

193 1477 406 1523 thesauro
439 1478 588 1523 filium
619 1480 840 1524 asservari
872 1484 1006 1537 poeta
1037 1480 1186 1524 dicere
1219 1479 1377 1533 voluit,
1411 1494 1517 1522 cum
1549 1483 1678 1536 pater
1715 1494 1820 1522 eum

192 1547 258 1594 ibi
288 1549 521 1607 depositum
551 1564 643 1606 esse,
674 1565 842 1594 manere
872 1551 1023 1595 vellet.
1060 1551 1126 1595 Cf.
1158 1551 1296 1608 Soph.
1329 1552 1493 1607 fragm.
1527 1550 1613 1593 326
1635 1550 1821 1608 (PearS.)

192 1621 268 1674 τὴν
303 1619 400 1672 <δ’>
434 1620 547 1663 οὔτισ
576 1620 698 1674 ἤιδεις)
729 1623 768 1662 ἐκ
800 1627 899 1663 θεοῦ
930 1622 1213 1678 κεκρυμμένην.

250 1724 354 1771 278.
384 1727 566 1784 βρέμ[ον.
600 1727 665 1771 Of.
700 1741 817 1784 quae
850 1727 1007 1784 scripsi
1038 1727 1095 1770 ad
1127 1726 1285 1782 ῥοῖβδοσ
1316 1741 1418 1783 pag.
1453 1727 1555 1774 203)-

250 1831 510 1879 278-290.
540 1832 712 1877 Versus
739 1833 1083 1890 corruptissimi.
1101 1833 1201 1876 Vss.
1221 1833 1455 1876 283—290
1473 1833 1639 1890 Satyri,
1655 1847 1819 1890 parum

192 1902 379 1957 creduli,
418 1903 474 1947 de
506 1903 740 1961 nymphae
772 1904 1033 1948 narratione
1065 1904 1132 1947 nil
1163 1918 1209 1947 se
1242 1904 1423 1947 credere
1456 1904 1817 1959 declaraverunt,

192 1973 315 2031 quod
332 1988 390 2018 ex
406 1989 471 2020 vs,
491 1974 574 2018 291
592 1977 647 2029 μὴ
663 1983 739 2017 νῦν
756 1976 913 2017 ἀπίστει
931 1979 976 2018 et
993 1989 1057 2019 vs.
1077 1975 1161 2018 292
1179 1977 1244 2015 καὶ
1262 1982 1352 2015 πῶσ
1368 1975 1543 2018 efficere
1561 1989 1816 2032 possumus.

249 2044 498 2092 291—306.
540 2046 717 2089 Deinde
760 2045 946 2102 Cyllene
978 2045 1114 2088 hilari
1146 2045 1302 2088 animo
1333 2045 1574 2088 ludificans
1605 2045 1818 2101 aenigma

191 2116 270 2161 dat
306 2117 362 2161 iis
409 2116 696 2181 solvendum,
744 2116 881 2174 quod,
929 2116 1141 2173 quamvis
1182 2116 1308 2159 haud
1340 2115 1597 2170 obscurum,
1630 2119 1681 2159 ut
1712 2119 1819 2159 sunt

191 2187 326 2232 rudes
366 2188 566 2245 ingenio,
600 2188 775 2233 solvere
806 2188 935 2231 nullo
967 2188 1103 2230 modo
1135 2187 1297 2240 sciunt,
1336 2187 1465 2230 cuius
1496 2186 1583 2230 loci
1614 2177 1818 2230 indolem

192 2258 449 2303 Peladanus
465 2259 501 2315 2)
532 2263 664 2302 acute
682 2259 940 2314 designavit
966 2259 1038 2302 his
1059 2258 1231 2303 verbis:
1261 2258 1347 2312 „Oe
1370 2257 1580 2314 dialogue
1603 2272 1660 2300 ne
1681 2257 1818 2300 serait

190 2343 271 2386 pas
302 2330 497 2387 possible
528 2344 639 2375 avec
671 2330 749 2373 des
780 2334 950 2373 rustres
981 2344 1158 2373 comme
1190 2329 1395 2382 Bottom;
1427 2328 1461 2371 il
1482 2328 1581 2371 faut
1601 2328 1681 2371 des
1701 2330 1816 2371 etres

191 2414 279 2458 que
325 2401 371 2444 la
417 2402 692 2446 civilisation
738 2401 814 2444 n'a
855 2415 935 2458 pas
971 2401 1158 2444 touches
1190 2414 1364 2453 encore,
1398 2403 1443 2442 et
1474 2399 1586 2442 dont
1615 2398 1680 2441 les
1711 2398 1816 2442 ridi-

191 2471 314 2515 cules
359 2472 532 2516 n'aient
576 2486 730 2516 aucun
776 2473 1001 2515 caractere
1048 2471 1186 2515 social
1222 2472 1271 2513 ni
1314 2469 1577 2526 ethnique.'’
1610 2469 1813 2512 Primam

189 2542 329 2587 huius
359 2543 528 2600 dialogi
561 2543 786 2599 originem
823 2542 1163 2600 quodammodo
1193 2541 1251 2585 ab
1283 2542 1458 2598 hymno
1490 2540 1628 2584 Merc.
1662 2554 1725 2584 vs.
1759 2540 1814 2582 38

190 2612 240 2668 ἦν
286 2612 326 2655 δὲ
371 2614 534 2668 θάνηισ,
575 2615 665 2656 τότε
706 2630 771 2655 κεν
801 2612 913 2666 μάλα
945 2612 1068 2655 καλὸν
1100 2612 1244 2654 ἇείδοισ
1274 2612 1658 2655 ducendam'esse
1689 2610 1813 2653 haud

190 2754 347 2810 ἔθηκεν,
395 2755 626 2810 ἀναύδητόν
667 2772 740 2809 περ
771 2755 926 2797 ἐοῦσαν.
960 2755 1027 2798 1)6
1060 2754 1248 2798 Pacuvii
1280 2753 1536 2810 fragmento
1567 2751 1689 2809 apud
1722 2751 1811 2794 Cic.

190 2825 247 2869 de
277 2826 381 2871 Div.
414 2827 474 2871 II.
511 2827 595 2870 133
627 2841 736 2870 mox
767 2840 967 2883 agemus.

241 2944 277 2990 ¹)
313 2944 454 2981 Mnem.
478 2944 583 2989 1914,
621 2955 706 2990 pag.
743 2943 815 2978 472
850 2954 904 2990 sq.
942 2942 1001 2978 cf.
1037 2941 1155 2977 etiam
1192 2940 1350 2987 Kuiperi
1382 2942 1513 2977 annot.
1546 2939 1592 2974 de
1627 2939 1817 2974 Mercurio

189 3005 461 3049 Σπαργανιώτηι
484 3003 525 3038 in
550 3003 692 3038 Mnem.
715 3002 822 3047 1910,
846 3013 933 3048 pag.
958 3000 1030 3036 42².

241 3061 278 3107 ²)
302 3061 352 3098 Le
377 3061 527 3108 Figaro'.
553 3061 748 3108 Supplem.
774 3060 915 3096 Litter..
934 3060 981 3095 10
1005 3060 1107 3095 Aofit
1132 3058 1239 3096 1913.

241 3121 276 3160 ³)
302 3120 408 3166 Vide,
432 3131 530 3168 quae
555 3119 740 3156 annotavi
765 3119 812 3155 ad
841 3130 891 3156 vs.
917 3119 975 3156 81.

190 2684 310 2728 male
340 2685 667 2728 animadvertit
699 2684 938 2728 Robertus.
951 2684 986 2741 3)
1019 2683 1084 2727 Cf.
1119 2683 1257 2727 etiam
1279 2682 1377 2726 Nic.
1402 2682 1472 2725 Al.
1492 2682 1578 2725 560
1594 2680 1814 2734 αὐδήεσσαν
1886 2685 1889 2688 ’
