2274 3750
878 345 1113 388 ,25-

182 468 447 531 percipiam,
491 488 595 518 cum
640 475 795 518 nullus
843 475 1031 519 omnino
1077 489 1215 519 sonus
1261 474 1320 519 ad
1365 489 1496 519 aures
1544 490 1668 519 meas
1713 490 1810 532 per*

78 543 85 566 ’·
149 575 151 578 -
182 544 396 589 veniat?''
419 545 453 602 1)

195 703 198 707 -
239 672 336 720 136.
383 674 554 717 ἄκουσον
600 671 654 716 αὖ
700 675 820 733 τ[ο]’ῦ
861 676 1110 734 χρ[η’μα]τοσ
1149 676 1287 733 χρόνον
1328 676 1432 720 τινά.
1481 676 1680 733 „lterum
1711 691 1811 720 aus-

181 744 369 799 eultaP',
401 745 491 788 iam
525 746 651 789 enim
672 750 774 803 post
796 761 860 791 vs.
885 747 970 790 132
993 762 1100 790 eum
1122 762 1254 791 aures
1275 747 1571 804 praebentem
1593 747 1808 792 vidimus.

182 814 288 860 Vox
319 815 520 871 χρήματοσ
551 817 588 860 si
620 821 740 861 recte
772 818 848 861 hic
874 817 1042 874 legitur
1062 819 1136 871 (cf.
1160 819 1230 872 44,
1255 818 1354 873 223,
1378 819 1494 872 365),
1518 819 1809 863 verissimum

181 889 260 941 est,
293 888 416 945 quod
447 892 640 931 annotat
672 888 902 946 Allegrius
933 889 1012 946 (1.1.
1045 904 1147 947 pag.
1182 890 1384 948 250s51):
1413 890 1494 943 „ils
1514 905 1572 933 ne
1594 893 1810 935 trouvent

0 957 1 960 ’
59 935 77 985 s*
125 993 150 1016 ‚.
179 972 262 1015 pas
292 958 349 1002 de
380 962 478 1002 mot
507 973 624 1016 pour
655 960 866 1016 designer
895 960 1037 1014 Patre,
1075 961 1244 1018 auquel
1274 961 1536 1018 appartient
1562 965 1677 1004 cette
1700 961 1808 1005 voix

183 1029 414 1086 &trangess'
447 1030 586 1085 χρόνον
616 1031 709 1073 τινά
739 1036 894 1074 autem
926 1046 1008 1088 pro
1030 1033 1170 1088 χρόνωι
1192 1032 1290 1073 ποτέ
1316 1032 1521 1090 (tandem
1544 1032 1808 1089 aliquando)

177 1099 354 1144 dictum
400 1115 496 1145 esse
542 1101 810 1158 Vollgraffio
856 1102 935 1160 (1.1.
982 1117 1085 1160 pag.
1127 1103 1202 1161 88)
1238 1103 1340 1147 coll.
1373 1103 1458 1146 132
1480 1117 1545 1160 sq.
1578 1106 1623 1147 et
1653 1107 1808 1147 nostro

178 1184 314 1216 versu
345 1167 401 1213 αὖ
430 1172 639 1216 assentiri
670 1187 764 1217 non
795 1187 993 1231 possum.

237 1301 321 1348 139
352 1317 451 1360 sqq.
499 1302 554 1347 Id
600 1304 766 1360 ipsum,
815 1305 937 1361 quod
978 1305 1148 1348 frustra
1178 1305 1479 1349 auscultando
1511 1309 1647 1363 atque
1680 1304 1805 1361 Saty-

178 1387 333 1417 rorum
381 1374 517 1431 nugis
563 1389 695 1418 aures
741 1375 1002 1433 praebendo
1048 1380 1229 1433 tempus
1269 1376 1567 1433 consumpsit,
1599 1376 1807 1420 Silenum

179 1443 343 1502 implet
382 1445 463 1488 ira.
496 1445 659 1503 Itaque
691 1460 832 1490 senex
862 1451 1017 1490 noster
1048 1461 1155 1490 suae
1186 1447 1440 1491 iuventutis
1470 1448 1590 1490 facta
1621 1451 1807 1490 strenua

176 1529 541 1560 commemorans
582 1517 897 1561 timidissimos
939 1518 988 1561 in
1029 1519 1171 1562 socios
1212 1518 1461 1572 invehitur,
1502 1532 1618 1575 quae
1649 1520 1804 1571 oratio,

53 1567 63 1588 γ’
104 1622 109 1626 ,
175 1601 461 1644 quamquam
493 1602 586 1631 non
618 1592 713 1631 tota
745 1588 889 1631 risum
921 1593 1086 1646 captat,
1120 1594 1164 1632 et
1196 1589 1393 1633 dictione
1416 1593 1460 1633 et
1481 1593 1753 1645 argumento
1769 1590 1806 1645 2)

176 1658 437 1702 comoediae
470 1673 610 1716 quam
642 1659 902 1715 tragoediae
934 1661 1119 1718 propior
1150 1664 1229 1704 est.

231 1787 329 1836 139.
375 1790 416 1831 τί
459 1806 525 1843 μοι
574 1789 754 1848 ψ[ό]φον
801 1789 888 1834 κτλ.
937 1791 1044 1834 Post
1090 1806 1251 1836 vocem
1299 1792 1433 1845 ψόφον
1478 1791 1805 1847 interpungere

175 1859 360 1904 videtur
400 1875 602 1918 papyrus
619 1861 667 1918 3),
710 1862 832 1918 quod
869 1862 968 1905 iure
1001 1876 1160 1905 omnes
1190 1862 1385 1906 editores
1416 1866 1652 1919 spernunt.
1685 1862 1804 1905 Nam

174 1930 399 1974 eiusmodi
445 1931 496 1974 in
543 1931 692 1989 ellipsi
739 1933 890 1989 potius
937 1936 1226 1990 exspectatur
1267 1934 1322 1987 μή
1362 1950 1440 1986 μοι,
1474 1934 1528 1977 cf.
1561 1933 1669 1977 Ant.
1703 1933 1802 1986 577,

175 2001 470 2059 Aristophan.
504 2002 623 2058 Nub.
658 2003 714 2046 84
746 2003 842 2059 (ubi
876 2004 980 2047 vide
1013 2004 1370 2062 Leeuwenium).

231 2129 332 2177 14⁰.
362 2133 544 2186 σώματα,
577 2147 751 2190 <terpora
780 2134 870 2176 sine
900 2134 1058 2188 animo,
1091 2134 1215 2178 idem
1248 2136 1354 2188 fere,
1378 2134 1500 2191 quod
1524 2137 1655 2178 vocat
1675 2134 1804 2178 Euri-

178 2201 306 2258 pides
337 2201 460 2258 (Hel.
495 2202 580 2246 582
602 2205 719 2260 sqq.)
750 2202 957 2259 βλέποντα
985 2204 1153 2256 σώματα
1180 2207 1223 2260 (a
1249 2205 1351 2260 deo)
1379 2203 1630 2249 πλασθέντα.

144 2328 146 2330 ’
231 2321 330 2376 143.
360 2332 592 2384 κάκόμιστα.
625 2332 870 2377 Invenitur
901 2332 1181 2377 adiectivum
1212 2334 1416 2390 primum
1437 2333 1561 2391 apud
1583 2335 1803 2379 Nonnum

176 2401 316 2458 (χιτών
363 2402 432 2456 35,
481 2404 581 2447 186.
629 2404 727 2459 χήρη
773 2404 844 2458 40,
893 2404 1024 2459 147.),
1073 2404 1151 2448 sed
1194 2405 1332 2449 Hom.
1375 2421 1417 2458 φ.
1463 2405 1550 2449 284
1580 2407 1799 2462 ἀκομιστίη.

176 2472 557 2532 (Muenscherus.)
950 2471 953 2474 ’

233 2601 320 2647 144
342 2617 407 2661 sq.
441 2604 505 2647 Cf.
541 2604 746 2661 Euripid.
780 2605 1070 2663 Melanippae
1102 2606 1210 2662 fgm.
1245 2591 1331 2648 512
1364 2606 1561 2662 (Nauck)
1593 2609 1706 2660 φωνὴ
1737 2610 1800 2647 καὶ

228 2754 262 2802 ¹)
287 2755 373 2791 Wie
399 2757 470 2792 soll
495 2756 556 2792 ich
583 2757 762 2803 horchen,
788 2758 837 2793 da
862 2758 923 2794 ich
950 2759 1077 2795 nichts
1103 2760 1332 2795 vernehinen
1357 2759 1485 2795 kann?
1508 2760 1743 2808 (Robertus.)

225 2814 261 2862 ²)
287 2807 342 2852 Cf.
368 2815 614 2863 Aristophan.
641 2817 752 2864 Vesp.
779 2817 850 2853 235
866 2829 947 2864 sqq.
969 2818 1014 2854 de
1033 2818 1272 2865 Strymodori
1291 2819 1551 2866 comitumque
1569 2820 1801 2856 iuvenilibus

174 2873 299 2910 factis.
326 2873 454 2910 Minus
479 2878 583 2910 recte
609 2875 800 2912 Robertus
825 2876 894 2923 (1.1.
920 2877 1008 2924 553)
1033 2878 1234 2924 opinatur:
1262 2877 1354 2922 „Die
1379 2889 1510 2925 grosze
1536 2878 1637 2914 Rede
1663 2890 1713 2915 an
1739 2879 1800 2916 die

175 2931 318 2979 Satyra
342 2932 486 2969 konnte
510 2933 648 2970 ebenso
672 2937 744 2981 gut
769 2935 832 2971 ein
858 2935 1072 2982 tragischer
1097 2937 1194 2973 Held
1220 2949 1250 2974 z.
1276 2937 1316 2972 B.
1342 2937 1433 2972 Aias
1458 2938 1679 2984 sprechen.’'

225 2991 261 3038 8)
283 2991 321 3027 It
345 3003 417 3027 can
442 2992 581 3039 hardly
608 2993 652 3029 be
679 2993 847 3030 doubted
874 2994 963 3030 that
987 3006 1011 3030 a
1037 2998 1121 3042 stop
1146 3006 1225 3031 was
1249 2995 1445 3041 intended,
1467 2997 1615 3043 though
1641 2996 1707 3032 the
1733 2997 1800 3033 dot

162 3049 207 3085 ‘is
244 3053 314 3086 not
349 3051 458 3097 quite
495 3052 534 3087 in
568 3052 634 3087 the
660 3063 798 3099 proper
822 3053 1001 3099 position,
1027 3054 1141 3100 being
1165 3057 1229 3090 too
1254 3054 1316 3090 sar
1339 3054 1437 3090 from
1463 3055 1530 3090 the
1554 3070 1574 3090 v
1599 3055 1673 3091 and
1700 3056 1798 3092 close

175 3111 216 3143 to
241 3108 308 3144 the
335 3110 495 3145 vertical
522 3110 649 3146 stroke
675 3111 718 3146 of
738 3126 771 3152 φ.
796 3111 945 3158 (Hunt.)
