2274 3750
36 3226 42 3239 ,-

0 3490 23 3515 .’“,

6 3518 31 3555 ,ἓ

0 3567 34 3602 52¹.

897 323 1102 365 -9-

245 453 613 496 Infelicissimam
658 453 967 496 coniecturam
988 453 1021 505 1)
1058 453 1153 509 ipse
1185 456 1435 495 retractans
1453 452 1486 505 2)
1523 452 1560 495 V
1564 451 1816 507 ollgraffius

187 539 268 582 pro
311 525 553 578 παρίσταται
594 523 676 581 (vs.
712 524 786 580 33)
828 523 951 566 haud
986 523 1105 566 male
1147 522 1383 566 substituit
1416 523 1579 576 πάρεστ’
1612 523 1711 576 ἀνήρ
1743 522 1815 566 vel

188 595 352 650 πάρεστι
394 602 481 646 νῦν,
525 596 580 638 cf.
624 593 919 651 Aristophan.
959 594 1046 638 Av.
1079 595 1159 648 303
1193 594 1393 638 Acharn.
1427 595 1536 647 513;
1569 592 1815 650 (Euripid.)

187 665 325 711 Rhes.
359 661 459 709 149.
503 666 566 708 At
607 668 759 719 restat,
803 669 854 708 ut
890 679 956 709 vs.
1000 666 1056 709 36
1088 666 1168 707 ἔστι
1200 666 1263 709 sic
1295 665 1418 708 nude
1451 665 1666 722 positum,
1703 663 1815 721 quid
1885 687 1888 690 ⁴

185 737 271 781 sibi
304 736 428 790 velit,
457 751 551 780 non
582 737 690 780 satis
711 736 992 792 intellegam,
1015 737 1092 779 sed
1115 736 1242 780 verbi
1265 736 1483 779 audiendi
1506 735 1815 793 participium,

186 807 310 865 quod
355 807 524 850 dicitur
569 821 795 864 praesens,
854 807 1102 850 desiderari
1149 821 1230 863 pro
1280 810 1401 850 certo
1442 805 1654 850 habeam.
1698 805 1814 849 Cum

186 877 488 940 Vuerthemio
522 878 663 934 igitur
695 878 820 934 lego:
855 880 896 920 ἐν
929 876 1047 928 λόγωι
1079 875 1212 919 κλύων
1245 878 1369 931 πάρα.

245 984 320 1030 38.
353 984 464 1027 τοῦδ’
481 986 730 1040 αὐτόχρημα,
753 985 874 1041 quod
899 984 1077 1029 mavult
1098 985 1412 1028 Buechererus
1428 985 1478 1041 3),
1502 984 1624 1028 idem
1647 999 1741 1027 esse
1763 999 1815 1027 ac

186 1055 297 1099 τῶιό’
327 1057 564 1112 αὐτόχρημα
605 1071 662 1099 ex
703 1055 813 1099 Lex.
854 1055 993 1112 Soph.
1035 1055 1093 1099 ab
1124 1055 1357 1099 Ellendtio
1389 1056 1565 1099 editum
1597 1070 1815 1112 apparere

184 1131 376 1172 annotat
407 1126 738 1171 Muenscherus
769 1127 817 1169 in
850 1127 966 1170 Mus.
1001 1127 1150 1171 Rhen.
1186 1127 1312 1180 1914,
1347 1141 1449 1184 pag.
1483 1126 1582 1170 170.

246 1198 314 1242 De
337 1213 446 1243 voce
468 1198 714 1255 αὐτόχρημα,
743 1198 994 1255 ,‚prorsus'',
1017 1198 1229 1252 „revera”
1247 1198 1382 1255 (belg.
1402 1202 1503 1242 vast
1519 1213 1576 1241 en
1594 1198 1742 1254 zeker)
1760 1198 1813 1240 cf.

136 1302 137 1305 η
185 1268 479 1326 Aristophan.
512 1269 666 1326 Equit.
701 1269 757 1312 78
789 1271 810 1310 ὁ
841 1269 1027 1323 πρωκτόσ
1057 1271 1162 1310 ἔστιν
1184 1270 1404 1324 αὐτόχρημ’
1427 1270 1467 1310 ἐν
1490 1269 1661 1311 Χάοσιν.
1685 1269 1816 1311 Prae·

187 1344 310 1384 terea
326 1355 354 1383 a
375 1339 649 1384 Leeuwenio
671 1340 872 1384 citantur
892 1339 1046 1397 adesp.
1069 1340 1231 1396 fragm.
1251 1341 1308 1383 26
1329 1340 1564 1396 αὐτόχρημα
1585 1344 1814 1394 Χαιρεφῶν,

189 1412 244 1455 fr.
278 1410 393 1454 1525
433 1408 834 1466 αὐτόχρημὼκακόν,
879 1411 1068 1455 Lucian.
1101 1411 1306 1454 LXXIII
1338 1415 1358 1464 ξ
1393 1412 1447 1454 13
1479 1410 1667 1453 κλύδωνα
1697 1410 1817 1452 αὐτό-

187 1498 319 1540 χρημα
352 1481 592 1524 θαλάττιον.

247 1588 311 1635 39
341 1602 439 1646 sqq.
482 1588 575 1634 Vix
614 1589 737 1632 clara
768 1604 859 1633 vox
892 1589 1120 1646 Apollinis
1152 1589 1385 1643 conticuit,
1419 1603 1525 1632 cum
1557 1589 1707 1633 subito
1738 1605 1815 1633 an-

186 1659 363 1714 helans,
395 1659 530 1709 celeri
563 1674 698 1703 cursu
730 1675 825 1704 sese
856 1661 1018 1714 ferens,
1043 1661 1113 1704 vir
1134 1660 1227 1703 iam
1249 1660 1539 1716 grandaevus
1560 1661 1608 1703 in
1630 1675 1814 1704 scenam

189 1731 294 1775 ruit.
329 1731 489 1775 Cultus
521 1731 618 1775 eius
649 1736 786 1789 atque
820 1732 988 1785 vultus,
1022 1732 1100 1775 sed
1122 1731 1365 1789 praecipue
1387 1732 1576 1775 comites
1597 1733 1749 1789 Satyri
1765 1733 1816 1790 4),

187 1801 290 1861 quis
330 1802 401 1856 sit,
444 1802 686 1846 manifesto
728 1803 1058 1847 demonstrant.
1102 1803 1264 1859 Itaque
1305 1817 1476 1846 nomen
1515 1817 1651 1846 suum
1684 1803 1815 1847 edere

188 1870 527 1930 supervacuum
558 1873 733 1917 habens
774 1874 930 1917 statim
971 1873 1153 1917 blandis
1194 1873 1346 1918 verbis
1386 1874 1527 1917 deum
1568 1874 1817 1932 alloquitur

186 1944 422 1988 affirmans
464 1959 655 2002 propere
696 1959 742 1988 se
785 1945 977 1999 venisse,
1020 1949 1072 1988 ut
1112 1949 1324 1989 strenuus
1366 1945 1446 1988 fiat
1491 1945 1576 1989 deo
1621 1945 1815 1999 adiutor,

186 2015 439 2059 dummodo
485 2042 543 2048 --
589 2020 634 2059 et
684 2020 875 2073 apparet
920 2030 1014 2059 non
1060 2016 1209 2059 solum
1256 2016 1513 2060 reverentia
1559 2020 1604 2060 et
1649 2016 1816 2074 pietate

187 2090 365 2130 motum
397 2101 503 2130 eum
537 2087 728 2142 venisse,
764 2112 818 2119 —-
850 2086 1103 2130 dummodo
1145 2086 1310 2144 Apollo
1343 2087 1482 2130 fidem
1514 2087 1591 2130 det
1622 2102 1668 2131 se
1700 2101 1816 2144 quae

187 2158 473 2215 proposuerit
517 2173 676 2202 revera
727 2173 822 2202 esse
873 2158 1104 2202 daturum.
1159 2158 1400 2202 Praeterea
1451 2159 1626 2202 maiora
1676 2159 1816 2202 etiam

186 2228 368 2286 petiisse
409 2228 605 2282 videtur,
647 2243 756 2272 nam
802 2228 1033 2272 libertatem
1073 2229 1115 2272 ei
1147 2233 1191 2272 et
1222 2229 1410 2272 fortasse
1443 2229 1686 2272 comitibus
1717 2244 1818 2286 pro-

187 2299 375 2344 missam
391 2314 485 2343 esse
508 2314 566 2343 ex
588 2304 800 2357 corrupto
823 2300 1052 2357 Apollinis
1073 2314 1288 2356 responso
1310 2302 1393 2356 (vs.
1417 2299 1491 2356 57)
1514 2300 1632 2344 effici
1655 2304 1815 2357 potest.

247 2405 323 2452 39.
365 2415 436 2448 σοῦ
466 2408 640 2460 φώνημα
672 2408 753 2447 τὼσ
783 2405 987 2450 ἐπέκλυον.
1022 2407 1090 2450 De
1126 2406 1350 2451 vocabulo
1382 2408 1462 2448 τώσ
1493 2407 1548 2450 ef.
1581 2407 1682 2451 Ind.
1716 2407 1815 2460 288,

189 2477 300 2532 296;
324 2478 618 2535 Aristophan.
638 2477 839 2522 Acharn.
860 2477 958 2532 762,
977 2477 1056 2521 ubi
1075 2478 1356 2533 Megarensis
1373 2478 1567 2521 dialecto
1588 2477 1815 2535 loquitur;

190 2548 400 2606 Aeschyl.
425 2549 545 2606 Sept.
570 2549 670 2603 484,
693 2550 802 2603 6373
826 2549 937 2592 Hik.
962 2549 1031 2604 70,
1055 2549 1164 2604 67&
1184 2549 1444 2606 interpolat.
1462 2549 1511 2591 in
1529 2549 1664 2606 Soph.
1689 2548 1815 2592 Aiac.

190 2634 253 2664 VS.
287 2620 396 2673 841;
424 2618 724 2664 Leeuwenius
755 2619 942 2664 Enchir.
976 2619 1188 2663 dictionis
1220 2620 1373 2677 epicae
1390 2619 1425 2675 5)
1452 2635 1554 2676 pag.
1589 2621 1688 2663 21Q

240 2735 275 2784 ι)
300 2737 484 2773 Mnemos.
509 2737 609 2773 XLII
634 2737 697 2784 (N.
712 2737 780 2783 S.),
805 2748 890 2784 pag.
917 2739 973 2774 83.
1075 2738 1112 2784 2)
1136 2738 1233 2775 Ibid.
1259 2738 1376 2783 XLII,
1401 2749 1486 2786 pag.
1512 2739 1570 2775 72.

240 2796 275 2843 ³)
300 2796 400 2832 Ber-l.
424 2796 524 2832 Phil.
550 2797 682 2833 Woch.
709 2797 814 2842 1913,
839 2798 907 2832 col.
934 2797 1015 2833 580.

240 2854 275 2902 ἱ)
307 2855 522 2891 Wilamow.
556 2855 876 2892 Sonderabdruck
909 2867 979 2892 aus
1011 2856 1096 2892 dem
1125 2855 1248 2892 XXIX
1281 2856 1410 2892 Bande
1437 2857 1504 2891 der
1528 2856 1660 2892 Neuen
1687 2857 1817 2894 Jahrb.

190 2924 275 2961 pag.
301 2914 339 2950 7:
366 2914 437 2961 „Es
463 2914 515 2950 ist
538 2915 649 2950 keine
676 2915 854 2960 Par-odos,
880 2915 979 2951 denn
1008 2926 1048 2950 so
1077 2915 1147 2950 viel
1174 2916 1226 2950 ist
1251 2915 1463 2962 kenntlich,
1489 2915 1578 2951 dasz
1604 2916 1658 2951 sie
1676 2915 1818 2952 bereits

189 2973 339 3018 wissen‚
363 2984 442 3009 was
467 2974 522 3009 sie
547 2974 666 3009 sollen
693 2973 772 3010 und
799 2986 878 3010 was
904 2974 1022 3010 ihnen
1049 2974 1164 3009 dafi'u·
1190 2975 1442 3021 versprochen
1469 2975 1531 3019 ist,
1558 2975 1638 3010 also
1661 2976 1750 3011 sind
1765 2976 1825 3011 sie.

191 3031 366 3078 klanylos
391 3033 461 3068 mit
484 3034 567 3069 dem
602 3033 716 3069 Vater
742 3034 1122 3079 heranyekommen.'’

242 3091 277 3137 ⁵)
302 3090 429 3126 Editio
454 3091 580 3127 altera
604 3095 720 3127 aucta
745 3096 785 3128 et
810 3093 1027 3129 emendata.
1055 3092 1174 3138 Lugd.
1202 3092 1284 3128 Bat.
1311 3091 1416 3128 1918.
