2274 3750
1183 365 1416 409 -32—

479 493 578 537 loco
616 494 753 551 plano
785 494 1028 551 paululum
1058 509 1196 552 supra
1227 495 1505 539 orchestram
1538 495 1718 540 elevato
1749 509 1890 553 prepe
1918 506 2106 540 scenam

480 579 605 607 nunc
622 565 873 608 constitisse
891 565 1171 621 Koettgenia
1188 567 1307 622 (pag.
1327 566 1401 623 84)
1423 581 1482 610 ex
1500 566 1586 610 hoc
1609 580 1743 610 versu
1765 566 1918 620 efficit,
1941 579 2106 624 parum

479 634 727 691 probabile,
761 639 813 678 ut
843 636 1019 693 opinor.
1052 636 1169 679 Nam
1204 635 1377 687 πλάγιον
1404 637 1523 680 sitne
1545 637 1828 682 adiectivum
1849 637 2104 695 (obliquum,
2187 689 2194 697 „

479 706 638 761 fallam)
679 721 740 749 an
781 707 1123 752 substantivum
1147 708 1312 764 (latus)
1351 723 1375 752 e
1421 712 1643 752 contextu
1673 722 1770 752 non
1800 712 1992 765 apparet
2011 711 2107 753 -nec
2190 707 2194 754 Ῐ

478 777 585 821 clivi
616 791 814 834 usquam
845 782 1000 822 nostra
1029 778 1080 822 in
1100 779 1257 823 fabula
1278 780 1330 823 fit
1353 781 1548 834 mentio;
1579 780 1744 824 deinde
1769 780 1910 824 verba
1932 777 2106 833 πλάγιον
2193 775 2195 779 ⁴

478 847 575 904 ’ἔχειν
607 875 664 881 -
696 850 922 907 quidquid
963 850 1009 893 id
1053 854 1121 893 est
1151 876 1210 893 -.-
1245 851 1502 907 significare
1534 865 1663 908 posse
1699 851 1775 905 „in
1805 846 1981 895 clivum
2012 850 2107 898 iam
2195 893 2199 898 .

478 921 780 974 ascendimus,
833 921 881 964 id
933 925 999 965 est
1055 935 1295 966 ascensum
1350 923 1444 966 iam
1486 922 1848 980 superavimus.'’
1903 922 2108 980 (Koettg.
2196 918 2202 922 ’

477 1005 580 1047 pag.
614 991 690 1044 84)
719 1006 851 1048 nego.

535 1133 615 1179 197
631 1148 696 1192 sq.
731 1134 838 1177 Post
870 1148 1055 1179 versum
1089 1135 1174 1178 196
1206 1136 1341 1179 tertio
1372 1135 1548 1179 cithara
1577 1149 1746 1179 sonum
1771 1135 1936 1190 reddit,
1968 1147 2143 1197 quem*

477 1204 557 1248 ubi
589 1205 770 1248 Silenus
801 1205 990 1249 auribus
1021 1207 1237 1263 percepit,
1270 1206 1405 1251 valde
1436 1208 1601 1251 mirans
1631 1207 1734 1251 silet
1760 1211 1898 1264 atque
1919 1207 2108 1251 comiffls

476 1276 668 1320 incitare
701 1277 881 1322 desinit.
916 1277 1067 1334 Satyri
1099 1278 1279 1332 deinde,
1303 1279 1518 1336 quamvis
1539 1279 1703 1323 timore
1726 1279 1938 1325 nondum
1958 1278 2107 1332 vacui,

478 1352 631 1391 tamen
663 1348 811 1392 facere
843 1363 937 1392 non
969 1353 1172 1406 possunt,
1205 1350 1319 1406 quin
1350 1350 1714 1394 immeritissimo
1735 1365 1830 1394 sese
1862 1353 2108 1406 nugatores

477 1419 613 1462 modo
645 1419 939 1476 compellatos
971 1434 1066 1463 esse
1099 1420 1307 1464 Silenum
1340 1422 1633 1465 admoneant.

535 1561 617 1607 199
632 1576 728 1619 sqq.
765 1562 880 1606 Cum
913 1576 1089 1619 papyro
1121 1563 1408 1618 Pearsonius‚
1441 1578 1580 1621 quem
1623 1563 1880 1621 complures
1910 1577 2107 1620 sequun-

477 1637 564 1686 tur,
599 1647 785 1677 versum
819 1633 882 1676 sic
915 1633 1180 1690 distinguit:

534 1706 598 1745 Σι.
631 1705 735 1756 σίγα.
767 1704 849 1747 Χο.
883 1705 922 1744 τί
952 1703 1072 1751 ἴσως·
1103 1707 1168 1746 Σι.
1201 1706 1249 1746 οὐ
1279 1713 1398 1758 μενῶ.
1431 1705 1513 1750 Χο.
1546 1706 1645 1760 μέν’,
1677 1707 1709 1748 εἰ
1741 1705 1871 1747 &aaa
1889 1706 1936 1764 1).

536 1775 626 1817 Dat
655 1774 822 1818 deinde
854 1789 941 1819 vss.
966 1775 1203 1819 200--204
1224 1775 1390 1830 Sileno,
1420 1777 1558 1820 choro
1580 1791 1667 1822 vss.
1691 1777 1950 1831 204—211;
1981 1791 2107 1835 cory-

476 1845 611 1902 phaei
652 1850 761 1889 sunt
802 1860 889 1890 vss.
924 1846 1172 1900 211—216,
1216 1861 1307 1904 qua
1337 1847 1562 1892 divisione
1595 1848 1804 1902 efficitur,
1837 1852 1890 1892 ut
1924 1847 2106 1893 Silenus

469 1931 624 1973 pavore
654 1917 922 1974 perterritus
954 1921 1055 1974 post
1085 1931 1149 1962 VS.
1186 1917 1271 1961 203
1303 1918 1449 1962 abisse
1471 1919 1695 1963 videatur.
1724 1919 1860 1963 Hanc
1880 1920 2103 1977 interpre-

473 1989 708 2042 tationem,
728 2002 1012 2045 quamquam
1029 1988 1188 2032 multis
1209 1989 1266 2032 de
1288 1990 1436 2032 causis
1458 1990 1821 2047 haudquaquam
1842 1990 2101 2048 spernenda

475 2063 553 2113 est,
594 2059 785 2115 probare
827 2063 983 2102 tamen
1025 2074 1120 2102 non
1160 2060 1324 2104 ausim.
1369 2061 1578 2104 Primum
1621 2061 1746 2104 enim
1780 2075 1941 2106 verum
1977 2065 2103 2119 puto,

475 2131 596 2187 quod
627 2134 819 2174 annotat
850 2131 1078 2174 Huntius:
1127 2131 1211 2185 „So
1243 2130 1420 2175 sudden
1452 2146 1479 2175 a
1509 2132 1615 2176 volte
1639 2133 1736 2189 face
1776 2147 1836 2175 on
1877 2133 1957 2177 the
2000 2137 2103 2190 part

474 2201 523 2243 of
549 2201 659 2244 both
693 2201 874 2244 Silenus
905 2202 995 2244 and
1034 2201 1190 2258 Satyrs
1219 2203 1374 2258 might
1404 2202 1460 2246 be
1493 2203 1650 2257 comio,
1683 2203 1776 2256 but
1797 2204 1844 2255 it,
1864 2204 1903 2246 is
1938 2203 2104 2261 hardly

474 2272 678 2326 natural;
711 2287 950 2317 moreover
981 2273 1073 2316 this
1104 2273 1267 2330 theory
1298 2274 1393 2317 also
1422 2274 1633 2319 involves
1663 2289 1692 2318 a
1712 2274 1958 2332 departure
1983 2275 2102 2318 from

473 2343 551 2386 the
583 2343 792 2399 original,
826 2344 977 2387 where
1010 2344 1210 2401 changes
1241 2345 1289 2387 of
1317 2346 1509 2402 speaker
1529 2359 1699 2403 appear
1720 2349 1766 2389 to
1787 2346 1844 2390 be
1871 2345 2102 2390 indicated

473 2413 534 2470 by
575 2414 654 2457 the
695 2415 971 2472 paragraphi
1008 2415 1152 2459 below
1183 2415 1230 2459 ll.
1265 2416 1321 2459 24
1351 2417 1445 2472 (25)
1477 2417 1568 2460 and
1600 2416 1684 2460 IX.
1719 2419 1757 2460 1.
1790 2416 1940 2460 Those
1974 2423 2102 2474 para-

472 2485 637 2542 graphi
677 2500 755 2529 are
797 2490 877 2528 not
909 2485 1051 2542 easily
1081 2486 1363 2543 interpreted
1394 2501 1444 2530 as
1475 2487 1692 2544 marking
1722 2488 1801 2532 the
1832 2487 2100 2533 distinction

472 2555 677 2600 between
708 2556 899 2600 iambics
930 2557 1021 2600 and
1054 2557 1202 2613 lyrics,
1237 2558 1290 2602 cf.
1324 2558 1353 2601 l.
1389 2559 1456 2612 12,
1490 2559 1640 2602 where
1673 2559 1802 2602 there
1829 2560 1868 2602 is
1889 2573 1950 2603 no
1971 2573 2102 2616 para—

471 2627 717 2684 graphus.''
766 2627 943 2671 Deinde
985 2642 1050 2682 ea,
1093 2642 1211 2685 quae
1243 2628 1461 2672 dicuntur
1493 2644 1556 2674 vs.
1591 2630 1675 2673 201
1693 2644 1758 2687 sq.
1778 2630 1899 2684 (ζήτει
1931 2646 1974 2672 τε
2007 2629 2102 2678 κάξ·

472 2699 595 2753 ι’χνευε
635 2700 700 2739 καὶ
743 2697 906 2740 πλούτει
948 2697 1084 2755 λαβὼν
1109 2698 1113 2757 Ι
1138 2701 1213 2747 τὰς
1252 2700 1353 2755 βοῦσ
1393 2717 1435 2742 τε
1476 2702 1540 2741 καὶ
1579 2703 1651 2743 τὸν
1681 2703 1840 2758 χρυσὸν)
1870 2701 1929 2744 ad
1963 2701 2102 2746 Sila&

470 2768 838 2812 adhortationem
887 2770 972 2813 156
988 2783 1086 2827 sqq.
1133 2769 1258 2813 haud
1310 2771 1447 2814 dubie
1499 2775 1717 2828 spectant,
1778 2786 1888 2815 nam
1936 2771 2101 2815 chorus

471 2839 783 2884 conviciorum
825 2840 950 2884 haud
981 2840 1171 2884 oblitus:
1209 2841 1305 2894 „Tu
1336 2842 1446 2884 nos’'
1478 2842 1642 2899 inquit,
1681 2842 1925 2899 „indagare
1960 2846 2098 2900 atque

471 2910 633 2967 opibus
648 2911 806 2967 augeri
828 2911 965 2954 modo
987 2911 1187 2966 iubebas,
1210 2912 1288 2955 sed
1310 2912 1405 2969 ipse
1426 2913 1578 2970 potius
1600 2913 1768 2969 indaga
1794 2917 1932 2970 atque
1961 2926 2100 2957 aureo

524 3075 555 3112 ¹)
581 3074 750 3119 Belgice:
780 3076 906 3123 „Blijn
930 3076 1168 3121 asjeblieft!”
1195 3076 1249 3112 Of.
1275 3076 1437 3112 Philoct.
1461 3077 1532 3112 730
1563 3077 1652 3125 ἕρπ’,
1676 3082 1708 3111 σι’
1733 3080 1858 3121 omno,
1886 3077 1940 3114 El.
1966 3074 2038 3114 585
2060 3082 2092 3112 εἰ

469 3137 533 3179 γὰρ
561 3135 684 3178 Mino,
710 3137 856 3173 δίδαξον.
885 3135 1086 3182 Sequentis
1113 3146 1242 3170 versus
1269 3135 1343 3171 fine
1370 3135 1479 3171 unice
1505 3139 1653 3172 rectum
1685 3147 1724 3172 se
1744 3136 1862 3172 habet
1879 3139 1962 3183 ὅπηι
1979 3139 2093 3172 dobras.
