2274 3750
897 344 1132 387 -53-

255 476 352 522 318.
414 475 563 518 ἀλύων.
621 476 932 520 Buechererus
983 475 1118 528 (Berl.
1164 475 1280 519 Phil.
1319 475 1474 519 Woch.
1519 475 1647 518 1912.
1693 474 1826 528 1107)

198 548 299 593 vult
329 549 508 603 ἀθύρων,
552 561 691 604 quam
734 547 1043 590 coniecturam
1081 536 1376 602 Vollgraffius
1407 546 1580 603 optimo
1613 546 1710 588 iure
1743 545 1826 587 im-

198 618 361 678 probat
392 619 580 675 (Mnem.
618 619 744 662 1914.
781 618 897 672 174),
930 632 1040 661 nam
1064 616 1199 660 ἀλύειν
1221 618 1401 674 proprie
1424 617 1514 660 dici
1535 617 1591 660 de
1613 615 1827 659 omnibus

195 690 340 735 animi
381 689 778 744 commotionibus,
820 689 916 732 sive
957 687 1125 745 gaudio
1167 688 1261 732 sive
1304 688 1458 732 dolore
1499 688 1595 731 sive
1637 687 1823 730 musicis

196 761 415 814 oriantur,
459 774 575 817 quae
608 758 874 803 hominibus
905 773 1062 802 sensus
1094 759 1291 816 eripiant
1322 759 1395 815 (cf.
1428 757 1609 814 ἐξαίρει);
1643 758 1827 801 Pearso-

138 827 139 831 ¹
196 831 301 876 nius
337 832 512 874 confert
547 831 772 888 glossema
804 830 880 886 (ad
911 830 1049 874 Hom.
1082 844 1105 870 σ
1137 830 1245 873 333;
1280 826 1305 883 ἦ
1336 828 1482 880 ἀλύεισ,
1515 830 1575 870 ὅτι
1608 830 1719 881 Ρῑρον
1751 829 1826 869 ἔνι’-

197 916 323 957 κησασ
367 903 436 943 τὸν
482 900 638 955 ἀλήτην
649 904 680 956 ,·)
722 901 771 943 in
815 900 954 944 Bekk.
998 900 1170 945 Anessd.
1214 915 1256 957 p.
1301 901 1461 953 380‚2O
1493 901 1724 954 ἐπαίρεσθαι
1758 901 1822 940 καὶ

129 993 136 999 -
197 973 355 1030 χαίρειν.

256 1126 351 1174 319,
383 1126 536 1182 ἐξαίρει.
573 1130 653 1167 Τῶι
676 1134 749 1179 τῆσ
770 1124 896 1181 λ’ύρασ
916 1124 1141 1178 αἰολίσματι
1169 1127 1247 1179 „siff
1267 1126 1376 1178 -ῧψοσ
1396 1124 1596 1176 εὐθυμίασ
1617 1123 1824 1178 αἴρεται.”,

197 1202 250 1242 ut
281 1197 432 1243 verbis
464 1197 612 1240 Schol.
646 1197 704 1240 ad
736 1196 898 1240 Trach.
933 1197 1016 1239 147
1050 1199 1165 1239 utar.

256 1267 452 1321 αἰόλισμα,
488 1268 673 1311 Praeter
704 1268 841 1324 Soph.
874 1268 978 1310 frm.
1012 1268 1098 1309 912
1131 1267 1319 1320 (Pears.)
1355 1265 1477 1319 »μηδ’
1499 1263 1641 1313 αἰόλιζε
1664 1264 1824 1305 ταῦτα”

198 1339 366 1396 (Schol.
398 1339 587 1389 Theocr.
621 1339 657 1383 Ι.
699 1339 775 1395 56)
817 1343 862 1382 et
903 1338 1044 1382 Bekk.
1078 1338 1251 1381 Anecd.
1294 1337 1393 1380 361..
1428 1338 1467 1380 2.
1515 1334 1734 1389 ,αἰολίζειν
1781 1337 1827 1376 τὸ

198 1409 425 1454 ποικίλλειν.
467 1412 575 1452 οὕτω
615 1409 882 1463 Σοφοκλῆσ.”,
921 1410 1012 1453 iam
1046 1409 1103 1452 ab
1136 1408 1315 1452 Huntio
1347 1408 1497 1460 citata,
1532 1407 1692 1464 utique
1724 1422 1826 1450 con-

197 1482 441 1526 ferendum
471 1486 538 1525 est
567 1482 847 1525 adiectivum
879 1479 1014 1521 αἰόλοσ
1044 1481 1152 1523 Eur.
1186 1480 1284 1523 Ion.
1316 1479 1402 1522 499
1435 1481 1507 1519 ὑπ’
1538 1476 1679 1519 αἰόλασ
1711 1479 1828 1533 ἰαχᾶσ

198 1555 351 1607 ὕμνων,
398 1553 630 1610 Aristoph.
683 1553 799 1596 Ran.
853 1552 939 1594 248
990 1552 1143 1607 χορείαν
1192 1549 1334 1592 αἰόλαν
1385 1548 1706 1603 ἐφθεγξάμεσθα,
1747 1547 1826 1590 ubi

199 1625 498 1669 Leeuwenius
534 1627 725 1667 annotat
761 1623 1053 1676 adiectivum‚
1092 1622 1213 1678 quod
1251 1621 1442 1675 „varius,
1475 1619 1701 1672 flexibilis,
1735 1633 1826 1661 mo-

199 1695 332 1739 bilis''
361 1695 601 1752 significat,
634 1708 739 1738 cum
773 1694 1017 1746 saltationi,
1050 1697 1150 1736 tum
1182 1692 1337 1735 cantui
1368 1695 1530 1748 aptum
1561 1704 1668 1734 esse.

258 1849 338 1895 321
356 1865 454 1908 sqq.
484 1850 580 1893 Dea
596 1849 738 1917 igitur
753 1848 939 1892 hebetes
955 1848 1056 1891 illos
1074 1847 1257 1903 Satyros
1274 1846 1471 1889 ludibrio
1489 1844 1661 1898 habuit,
1680 1844 1828 1900 ipsam

200 1925 354 1965 tamen
395 1922 503 1965 satis
545 1922 778 1964 incautam
814 1920 862 1963 id
896 1919 1216 1972 enuntiavisse‚
1249 1919 1346 1971 ὅπερ
1377 1922 1415 1957 τ
1447 1916 1620 1971 ἄρρητον
1651 1915 1825 1968 ἄμεινον,

200 2006 298 2037 sero
325 1992 568 2050 cognoscit.
591 1992 710 2035 Nam
732 1991 883 2047 Satyri
906 1990 1099 2044 δέραατοσ
1121 1989 1341 2033 vocabulo
1363 1988 1444 2044 (VS.
1469 1988 1572 2042 307)
1593 1985 1827 2043 suspiciosi

199 2063 321 2117 facti,
364 2077 472 2108 cum
503 2067 604 2120 post
634 2077 699 2106 vs.
733 2063 814 2105 321
851 2061 1052 2105 citharae
1084 2074 1222 2103 sonus
1253 2060 1450 2112 auditur,
1484 2072 1578 2101 non
1609 2061 1659 2100 ut
1691 2056 1828 2114 paulo

201 2138 308 2178 ante
350 2134 507 2192 pavidi
550 2160 605 2166 —-
649 2134 818 2191 quippe
861 2133 940 2190 qui
979 2146 1163 2175 causam
1205 2131 1303 2174 soni
1345 2130 1438 2173 iam
1469 2128 1741 2184 intellegant
1771 2153 1828 2160 --

200 2209 248 2249 at
277 2205 531 2263 superiores
562 2219 658 2249 sese
689 2204 1003 2248 existimantes
1035 2203 1167 2246 deam
1195 2201 1537 2258 aggrediuntur,
1570 2199 1827 2242 exclaman-

201 2280 268 2320 tes
313 2277 412 2320 eius
457 2291 552 2320 esse
594 2276 792 2328 delicias,
838 2275 918 2331 qui
959 2274 1048 2317 tale
1091 2274 1267 2316 furtum
1298 2271 1582 2315 committere
1615 2270 1827 2327 potuerit,

201 2347 389 2406 eiusque
420 2348 677 2400 alumnum,
701 2361 795 2390 non
816 2346 973 2398 alium,
995 2346 1146 2388 furem
1167 2343 1463 2423 manifestum
1485 2356 1530 2412 se
1553 2340 1826 2399 praebuisse,

201 2433 318 2476 quae
350 2419 617 2476 Satyrorum
650 2418 790 2463 verba
821 2421 929 2460 sunt
959 2417 1094 2459 haec:

260 2490 360 2532 32].
423 2491 466 2546 (1
500 2489 692 2547 syllaba)
707 2487 973 2542 1)οψαλακτοσ
1004 2501 1066 2528 τισ
1096 2486 1205 2538 ομφὰ
1237 2492 1435 2540 κατοιχνεῖ
1463 2484 1604 2532 τόπου,

423 2562 585 2615 πρεπτὰ
622 2560 687 2611 <δ’
719 2556 804 2611 αὖ>
829 2560 862 2616 1)
895 2558 960 2600 διὰ
993 2558 1112 2600 τόνου
1143 2556 1322 2609 φάσματ’
1353 2554 1413 2606 ἴγ-

423 2636 516 2687 χωρ’
548 2630 814 2684 ἐπανθεμίζει·

424 2704 470 2743 τὸ
501 2709 668 2756 πρᾶγμα
699 2701 735 2742 δ’
767 2697 889 2754 οὗπερ
920 2700 1076 2754 πορεύω
1108 2696 1253 2754 βάδην,

262 2773 361 2817 325.
423 2773 507 2814 ἰ’σθι
538 2775 610 2815 τὸν
641 2771 796 2825 δαίμον’
827 2773 936 2812 ὅστισ
966 2774 1065 2810 ποθ’
1097 2770 1142 2810 ὃσ

424 2847 543 2884 ταῦτ’
574 2843 813 2900 ἐτεχνήσατ’,
845 2843 917 2883 οὐκ
948 2839 1072 2882 ἄλλοσ
1102 2839 1206 2880 ἐστὶν
1236 2835 1433 2894 zei-[omisa

425 2915 516 2956 ἀντ’
548 2914 707 2964 ἐκείνου,
738 2914 870 2966 γύναι,
902 2911 997 2965 σάφ’
1028 2910 1125 2953 ἴσθι.

255 3115 290 3164 ¹)
325 3115 512 3152 321—327
538 3127 573 3150 σο
600 3113 801 3158 362—368,
826 3124 942 3160 quam
967 3112 1014 3148 ob
1039 3122 1121 3147 rem
1146 3113 1249 3146 recte
1274 3108 1424 3156 syllaba
1448 3107 1706 3144 interseritur.
