2274 3750
1199 379 1344 421 -14
1376 394 1437 412 —·

499 505 654 549 VS.279
701 507 1022 562 (ἀποστραφῆναι
1070 515 1143 550 τοῦ
1189 509 1396 562 μετιόντοσ
1450 511 1508 550 τὼ
1555 509 1668 566 πόδε)
1720 510 1999 565 invenimus,
2050 510 2130 554 ubi

500 579 655 619 tamen
693 578 923 630 „aliorsum
953 579 1144 633 vertere'',
1178 595 1272 623 non
1309 582 1592 638 „retorquere”
1625 581 1792 636 (Schol.
1826 581 2129 636 διαστραφῆναι,

500 645 741 705 κλασθῆναι)
774 649 966 693 verbum
1000 651 1251 705 ἀποστρέψαι
1285 652 1436 696 valere
1463 652 1594 696 docet
1621 653 1934 696 Leeuwenius.
1967 653 2130 710 Itaque

500 721 545 760 et
590 722 743 761 nostro
790 719 887 762 loco
934 721 1027 775 ‘lxm'
1066 722 1329 776 ἀποστρέψασ
1363 723 1487 766 idem
1519 738 1614 767 esse
1645 737 1698 766 ac
1727 724 1902 780 vestiyia
1932 724 1977 780 (a
2008 726 2131 767 recta

500 788 592 846 via)
626 794 814 844 avertere,
862 791 1004 835 verba
1054 791 1196 848 igitur
1233 793 1615 853 explanationem
1657 809 1753 838 esse
1795 802 1867 835 τοῦ
1909 793 2132 836 πλανοδίασ

499 857 679 902 ἐλαύνειν
709 875 791 917 pro
824 865 945 905 certo
976 862 1138 906 habeo.

560 931 621 974 20.
656 932 776 973 ἀντία
807 957 865 964 -
895 934 1039 988 ἔβαινε.
1073 934 1190 977 Cum
1219 935 1445 979 Gemollio
1472 936 1647 980 Sikesio
1675 937 1881 994 Kuipero
1905 951 1928 980 e
1947 937 2131 981 Graecis

499 1001 652 1045 verbis
699 1003 836 1059 paulo
883 1003 1118 1048 obscurius
1165 1006 1298 1049 dictis
1340 1007 1554 1063 equidem
1586 1007 1804 1064 intellego
1835 1007 1974 1053 boves
2005 1021 2131 1065 prae-

499 1078 700 1130 posteras
731 1075 891 1119 ductas
922 1091 1029 1131 esse,
1064 1082 1116 1120 ut
1152 1079 1322 1132 „ca-uda
1348 1079 1397 1122 in
1419 1079 1687 1137 speluncam
1710 1083 1876 1124 tractas
1898 1079 2131 1137 versisque

500 1145 681 1189 viarum
713 1146 895 1190 indiciis
926 1148 1108 1206 raptas’'
1141 1148 1199 1192 ad
1230 1153 1361 1206 prata
1392 1164 1473 1193 sua
1506 1165 1709 1194 remeare
1742 1151 2000 1195 videantur.
2027 1150 2130 1208 Ipse

499 1220 652 1259 autem
675 1217 807 1260 solito
829 1218 977 1272 modo,
1001 1228 1091 1260 ταῖσ
1111 1221 1248 1275 βουσὶν
1268 1220 1410 1277 igitur
1431 1223 1692 1264 κατεναντίον
1713 1222 1786 1279 (Ξ
1805 1223 1910 1263 κατὰ
1932 1219 2124 1279 ἔμπαλιν)

498 1291 744 1343 grassatur.

559 1359 620 1402 30.
654 1359 771 1402 mira
803 1361 948 1404 utitur
980 1361 1396 1406 calceamentorum
1419 1364 1581 1420 specie,
1604 1368 1655 1407 ut
1677 1363 1878 1408 incessus
1900 1363 2130 1408 celeritate

498 1430 585 1473 iter
615 1430 846 1475 acceleret.
881 1431 965 1489 (Of.
1002 1432 1056 1477 85
1078 1433 1176 1490 sq.).

560 1501 837 1557 Koettgenia
868 1517 954 1547 vss.
990 1503 1045 1546 77
1067 1518 1164 1561 sqq.
1197 1504 1261 1548 ita
1292 1505 1624 1562 intellegendos
1651 1510 1797 1563 putat,
1820 1510 1872 1549 ut
1897 1505 2130 1562 „priorum

499 1571 779 1628 ungularum
821 1574 993 1630 priores
1035 1589 1138 1618 orae
1180 1575 1444 1630 introrsum,
1487 1577 1791 1634 posteriorum
1823 1581 1954 1621 extra
1985 1576 2133 1620 fiecte-

500 1646 679 1696 rentur;
729 1643 814 1687 hoc
861 1645 986 1688 enim
1030 1645 1166 1688 modo
1208 1646 1322 1689 deus
1363 1648 1442 1688 τὰσ
1472 1648 1647 1703 πρόσθεν
1678 1647 1812 1689 ὁπλὰσ
1840 1648 2022 1699 ὄπισθεν,
2056 1650 2133 1689 τὰσ

499 1712 536 1752 δ’
557 1713 702 1755 ὄπιθεν
735 1715 909 1769 πρόσθεν
930 1715 1126 1759 faciebat
1138 1731 1147 1770 ;
1171 1731 1280 1760 nam
1309 1732 1507 1774 quarum
1528 1719 1811 1775 ungularum
1831 1719 2004 1776 priores
2025 1733 2129 1763 orae

498 1783 666 1828 bifidae
683 1788 813 1829 extra
830 1800 985 1830 versae
1002 1790 1122 1840 sunt,
1132 1787 1218 1830 hae
1237 1787 1410 1844 priores
1421 1788 1641 1845 appellari
1654 1788 1828 1832 solent''
1841 1789 2129 1847 (1.1.pag.50).

499 1854 672 1898 Vereor
716 1859 872 1900 autem
918 1871 976 1900 ne
1023 1857 1109 1900 hac
1152 1858 1350 1902 flexione
1391 1873 1485 1902 non
1517 1859 1658 1903 boum
1689 1860 1826 1918 pedes
1857 1859 2019 1916 solum,
2052 1861 2130 1905 sed

501 1926 645 1969 multo
691 1928 838 1983 magis
884 1928 1021 1971 etiam
1071 1943 1206 1973 verus
1254 1929 1500 1973 verborum
1546 1945 1704 1974 sensus
1746 1933 2063 1989 retorqueatur
2081 1931 2160 1987 1).'

558 1997 664 2040 Tria
691 1997 739 2055 2),
797 2012 915 2055 quae
970 2000 1214 2042 statuimus
1255 2001 1448 2044 artificia
1489 2002 1655 2044 iterum
1699 2001 1829 2045 nobis
1870 2001 2126 2047 obveniunt

502 2082 585 2112 vss
621 2069 706 2111 219
728 2083 849 2126 sqq:

552 2258 587 2304 ¹)
614 2258 791 2294 Eiusdem
817 2259 968 2304 generis
993 2269 1056 2294 ars
1081 2262 1151 2304 est,
1180 2270 1257 2307 qua
1282 2259 1473 2296 Robertus
1497 2260 1644 2307 (Herm.
1671 2260 1776 2306 1912,
1802 2273 1889 2308 pag.
1914 2261 2002 2309 546)
2031 2261 2130 2298 Mer·

498 2317 649 2352 curium
675 2317 865 2354 infantem
895 2329 1003 2353 nsum
1030 2329 1111 2354 esse
1137 2318 1277 2355 credit:
1304 2319 1396 2364 „Die
1423 2320 1567 2355 letzten
1594 2319 1728 2356 beiden
1748 2320 1865 2357 Verse
1883 2320 2036 2357 konnen
2054 2332 2130 2357 nur

498 2387 540 2412 so
577 2376 806 2413 vei-standen
844 2377 1009 2422 werden,
1046 2377 1134 2413 dasz
1173 2378 1332 2414 Hermes
1364 2378 1425 2414 die
1459 2379 1748 2415 Vorderklauen
1785 2380 1925 2416 hinten
1964 2379 2042 2416 und
2067 2379 2131 2416 die

500 2435 677 2471 hInteren
717 2436 878 2472 vornhin
913 2439 1023 2472 setzt.
1053 2436 1122 2472 Die
1157 2436 1353 2484 Richtung
1383 2437 1450 2473 der
1474 2437 1574 2485 Spur
1599 2437 1694 2474 wird
1721 2438 1891 2474 dadurch
1918 2438 2129 2485 allerdings

500 2494 608 2530 nicht
644 2495 844 2541 geiindert,
886 2495 979 2531 aber
1011 2495 1078 2531 der
1112 2496 1303 2532 suchende
1330 2496 1423 2532 wird
1451 2497 1571 2532 durch
1598 2497 1658 2533 die
1686 2508 1860 2544 perverse
1885 2497 2038 2534 Gestalt
2062 2497 2131 2533 der

501 2553 641 2589 Fi'ihrte
677 2554 810 2601 dupirt
819 2581 921 2592 .....
931 2556 952 2571 ”
989 2555 1050 2590 Sic
1088 2558 1219 2591 autem
1247 2566 1318 2592 vss.
1343 2554 1409 2591 221
1447 2558 1488 2591 et
1510 2555 1582 2592 345
1606 2567 1693 2592 cum
1719 2557 1891 2593 versibus
1916 2557 2128 2604 disputatis

499 2611 672 2648 adversis
706 2613 900 2650 frontibus
937 2625 1110 2662 pugnare
1146 2618 1186 2650 et
1222 2615 1347 2662 ipsum
1386 2614 1596 2651 Robertum
1634 2627 1709 2652 non
1747 2616 1850 2663 fugit
1881 2616 1983 2664 (pag.
2017 2615 2127 2663 546):

499 2671 668 2719 „Wegen
706 2673 773 2711 des
799 2673 1159 2720 hervorgehobenen
1189 2673 1479 2722 Widerspruchs
1504 2675 1574 2710 hat
1601 2686 1690 2711 man
1717 2675 1790 2711 mit
1820 2676 1940 2712 Recht
1965 2676 2028 2712 die
2056 2687 2125 2714 vss.

499 2731 544 2767 77
563 2743 617 2778 sq.
643 2732 700 2767 als
726 2735 905 2779 spateren
933 2733 1068 2769 Zusatz
1095 2732 1427 2779 ausgeschieden''.

549 2791 587 2835 ²)
617 2784 885 2838 Compluribus
919 2791 1283 2840 interpretatoribus
1308 2792 1357 2839 (e.
1381 2804 1418 2838 g.
1444 2792 1663 2829 Hermanno
1690 2793 1934 2841 Matthiaeo),
1960 2793 2026 2841 qui
2052 2793 2129 2829 tria

501 2852 593 2885 haec
627 2850 791 2886 artificia
826 2862 902 2886 una
932 2851 1112 2898 coniungi
1138 2862 1246 2898 posse
1271 2862 1345 2886 non
1374 2854 1514 2898 putent
1538 2855 1578 2887 ct
1603 2852 1702 2888 alius
1727 2853 1833 2888 aliud
1861 2853 2127 2900 interpolatori

499 2908 688 2954 tribuant,
715 2920 789 2945 non
816 2910 1016 2956 assentior,
1044 2911 1161 2947 immo
1186 2911 1332 2957 optime
1358 2911 1449 2946 haec
1475 2911 1641 2947 artificia
1665 2922 1741 2947 uno
1764 2915 1936 2959 tempore
1955 2911 2130 2948 adhibita

500 2978 579 3002 esse
616 2978 750 3003 censeo
785 2969 853 3013 ita,
887 2971 932 3003 ut
957 2969 1051 3004 deus
1077 2969 1157 3015 ipse
1182 2969 1368 3004 sandaliis
1393 2969 1608 3004 instructus
1634 2973 1821 3016 pergeret,
1847 2970 1960 3005 boves
1985 2973 2130 3014 autem,

500 3029 688 3062 πλανοδίασ
718 3030 878 3073 ἐλαύνων,
904 3031 1141 3063 retroversus
1167 3031 1310 3074 ageret.
1336 3028 1398 3063 Sic
1425 3029 1574 3064 nullum
1604 3029 1739 3064 vitium
1767 3029 2030 3065 diasceuastae
2056 3029 2130 3064 ali-

499 3085 607 3121 cuius
645 3087 700 3121 vel
740 3086 859 3133 ipsius
898 3090 1033 3134 poetae
1066 3087 1215 3131 „multa
1250 3090 1367 3134 atque
1392 3087 1495 3123 inter
1521 3099 1560 3122 se
1586 3088 1736 3123 diversa
1764 3088 2028 3133 congerentis’⁷
2058 3087 2129 3137 (sic

500 3144 690 3191 Kuiperus
718 3145 858 3181 Mnem.
885 3145 991 3190 1910,
1018 3157 1103 3192 pag.
1128 3145 1194 3193 28)
1217 3156 1283 3181 nos
1309 3146 1482 3181 offendit.
