2274 3750
899 340 1132 383 -63-

196 484 246 514 so
286 473 450 515 wiiszte
491 469 567 513 ich
609 470 752 524 nicht,
796 469 964 514 welche
1006 468 1332 524 schlagendere
1375 467 1598 523 Analogie
1640 481 1694 509 zu
1736 467 1826 509 den

196 540 363 584 beiden
394 541 562 597 Stegen
593 542 674 584 der
705 541 827 597 Lyra
860 541 944 583 mit
966 540 1056 583 den
1078 540 1649 595 dazwischengespannten
1671 537 1826 580 Saiten

199 612 460 668 aufgestellt
491 612 674 656 werden
705 611 923 655 konnte.’'

255 682 448 727 Utinam
504 687 549 726 et
604 683 776 726 claram
833 686 1184 739 aecuratamque
1244 681 1501 726 versionem
1548 681 1619 724 vir
1665 680 1824 728 doctus

195 753 306 797 huic
336 754 703 810 interpretationi
736 754 996 806 addidisset,
1020 767 1130 796 nam
1152 752 1266 796 haec
1288 752 1444 796 omnia
1464 751 1824 808 haudquaquam

197 823 323 868 mihi>
345 824 520 882 liquere
552 839 646 868 non
678 839 809 881 nego.
844 824 1053 867 Primum
1086 824 1212 866 enim
1242 823 1559 879 Koettgeniae,
1594 836 1710 880 quae
1738 822 1825 865 hac

196 896 252 940 de
283 910 331 939 re
363 895 461 939 fuse
493 895 757 952 disputavit,
792 895 905 952 quin
937 895 1075 938 etiam
1109 894 1258 938 varias
1279 894 1405 950 lyrae
1426 893 1622 950 lectique
1645 893 1825 949 antiqui

129 993 136 999 ·
194 967 365 1010 formas
394 965 527 1009 nobis
559 966 822 1017 delineavit,
855 966 1014 1023 utique
1046 964 1392 1008 concedendum
1415 968 1482 1008 est
1507 978 1626 1018 „non
1647 967 1825 1007 tautam

194 1038 316 1082 inter
355 1038 438 1081 has
480 1051 549 1080 res
590 1037 942 1080 similitudinem
983 1036 1276 1089 intercedere,
1310 1039 1533 1092 quantam
1565 1035 1637 1079 vir
1667 1034 1825 1078 doctus

196 1108 350 1152 dicit.’'
394 1110 514 1165 (pag.
564 1109 652 1165 69),
709 1108 889 1162 deinde,
943 1107 1172 1164 quomodo
1219 1106 1443 1150 vocabula
1490 1105 1684 1159 διατόρωσ
1701 1106 1735 1160 1)
1782 1109 1826 1147 et

196 1180 393 1234 τρίγομφα
423 1180 479 1222 de
511 1179 689 1222 calamis
720 1182 846 1235 (nam
875 1179 961 1222 hac
994 1193 1051 1222 ex
1098 1178 1291 1221 materia
1338 1177 1504 1220 factam
1551 1191 1645 1219 esse
1677 1176 1825 1233 lyram

195 1263 302 1294 cum
334 1250 534 1294 Roberto
566 1254 611 1293 et
641 1250 914 1294 Schenklius
947 1249 1107 1304 credit)
1139 1249 1232 1291 sint
1261 1248 1540 1304 accipienda,
1573 1261 1666 1290 non
1692 1246 1826 1290 intel—

195 1321 310 1378 lego.
343 1322 507 1378 Itaque
540 1321 910 1375 Muenscherum,
943 1334 1050 1363 cum
1078 1319 1313 1363 Schenklii
1335 1319 1645 1362 coniecturam
1668 1321 1825 1375 utpote

201 1407 367 1451 „quam
433 1393 636 1436 maxime
687 1391 1040 1435 audacissimam
1100 1405 1280 1434 necnon
1341 1389 1824 1434 veridissimillimam’'

198 1463 511 1521 proscriberet,
543 1478 707 1508 verum
739 1463 904 1507 vidisse
936 1476 1205 1519 persuasum
1237 1462 1352 1504 mihi
1385 1460 1543 1503 habeo.

256 1535 325 1579 De
373 1536 472 1579 lecto
516 1535 660 1591 igitur
706 1538 860 1577 nostro
901 1535 1159 1589 fragmento
1190 1533 1264 1588 agi
1296 1547 1400 1575 cum
1433 1531 1712 1587 Koettgenia
1742 1545 1826 1587 ego

199 1620 383 1664 quoque
429 1606 563 1650 credo
610 1610 655 1649 et
700 1606 887 1662 quidem
930 1604 985 1648 de
1026 1604 1156 1658 lecto,
1195 1617 1479 1660 quamquam
1511 1602 1621 1646 certi
1653 1602 1720 1644 nil
1751 1616 1824 1658 ap-

194 1681 338 1735 paret,
355 1691 447 1735 quo
463 1677 718 1721 Mercurius
739 1676 829 1730 ille,
852 1675 981 1719 brevi
1002 1675 1147 1732 spatio
1169 1674 1370 1718 maxime
1393 1673 1588 1726 adultus,
1614 1672 1825 1730 Apolline

197 1749 471 1794 adveniente
503 1748 724 1805 refugerit
755 1747 915 1805 (Hym.
948 1746 1086 1790 Mero.
1120 1746 1206 1788 254
1222 1747 1351 1802 sqq.),
1379 1748 1431 1787 ut
1452 1757 1666 1795 somnum
1688 1743 1827 1786 simu-

197 1819 326 1874 laret,
358 1820 546 1863 fortasse
579 1823 623 1862 et
653 1819 802 1875 lyram
835 1818 1014 1861 celaret.
1047 1817 1183 1860 Hanc
1214 1816 1272 1859 ad
1303 1815 1627 1873 inquirendam
1659 1815 1754 1858 sive
1775 1818 1827 1856 ut

197 1890 479 1935 Mercurium
511 1891 558 1935 vi
585 1904 768 1946 surgere
791 1893 982 1945 cogeret,
1007 1887 1171 1945 Apollo
1193 1887 1266 1931 vel
1287 1887 1404 1930 alius
1424 1885 1590 1942 aliquis
1610 1889 1748 1939 (unus
1770 1899 1827 1927 ex

197 1961 371 2019 Satyris
382 1962 420 2020 ?)
450 1961 578 2018 ligna
594 1962 630 2018 2)
661 1965 837 2004 tentare
869 1964 914 2003 et
945 1959 1167 2016 spondam
1198 1957 1470 2001 labefactare
1502 1956 1552 1999 in
1572 1956 1728 1999 animo
1749 1956 1827 1998 ha-

196 2032 302 2076 buit
319 2032 393 2078 vel
415 2033 547 2076 alteri
563 2031 717 2075 suasit.
736 2031 868 2082 Quod
886 2030 923 2073 si
940 2028 1174 2086 probabile
1192 2028 1373 2071 videtur
1389 2031 1434 2070 et
1450 2027 1638 2070 Roberti
1655 2026 1826 2069 coniec-

197 2107 302 2148 tura
333 2103 493 2148 Herm.
528 2103 655 2156 1912,
689 2117 790 2159 pag.
824 2101 911 2145 559
942 2102 1129 2144 fortasse
1155 2099 1280 2142 haud
1302 2099 1437 2155 plane
1459 2098 1715 2154 spernenda
1736 2101 1824 2140 est:

782 2172 841 2214 δεῖ
869 2173 1051 2227 τρίγομφ’
1082 2169 1257 2224 ἐνήλατα

594 2245 731 2296 <νῦν>
786 2242 1014 2298 διατορῆσαι
1044 2246 1092 2283 15³.

199 2316 278 2360 ubi
324 2316 605 2360 adiectivum
652 2316 869 2370 τρίγομφοσ
914 2327 1008 2356 11011
1059 2311 1229 2366 „tribus
1275 2311 1415 2355 clavis
1462 2309 1653 2352 affixus''
1677 2309 1714 2366 3)
1749 2309 1826 2351 sed

198 2388 351 2445 potius
386 2387 670 2442 „firmissime
703 2385 937 2429 confixus’'
960 2385 997 2439 4)
1028 2383 1284 2438 significare
1317 2382 1510 2426 videtur.

252 2506 287 2550 ¹)
321 2508 486 2552 διατόρωσ
520 2520 565 2536 ---
602 2504 647 2540 10
679 2507 900 2551 penetrans,
925 2501 968 2537 20
993 2502 1209 2548 pez-forata,
1235 2503 1279 2534 ut
1304 2483 1564 2545 compluribus
1589 2497 1828 2532 demonstrat

200 2565 384 2612 exemplis
408 2564 652 2610 Koettgenia.
677 2564 779 2610 (pag.
805 2561 880 2609 71.)

251 2626 283 2668 ²)
320 2624 442 2670 Ligna
479 2623 596 2658 fuisse
623 2621 813 2666 videntur,
839 2620 978 2667 quibus
1003 2619 1164 2656 institae
1189 2618 1327 2664 (κιιρίαι
1353 2618 1430 2652 sive
1459 2619 1556 2661 τόνοι,
1581 2615 1626 2651 cf.
1652 2615 1828 2650 Leeuwe-

200 2683 307 2719 nium
335 2681 382 2718 a'd
409 2683 527 2719 Arist.
553 2682 622 2717 Av.
647 2681 729 2722 816)
754 2682 868 2716 erant
891 2680 1079 2715 intentae.
1106 2678 1193 2724 Leg.
1219 2676 1320 2723 apud
1351 2676 1503 2720 Koettg.
1531 2685 1614 2721 pag.
1633 2673 1680 2709 70
1692 2684 1772 2720 sqq.
1789 2676 1828 2707 et

202 2742 243 2779 O.
267 2742 308 2779 L.
333 2742 527 2786 Ramsom,
560 2740 716 2776 Studies
748 2740 788 2775 in
815 2738 980 2774 Ancient
1010 2737 1252 2778 Fourniture,
1282 2735 1453 2770 couches
1477 2733 1553 2768 and
1580 2733 1676 2768 Beds
1700 2732 1742 2767 of
1762 2732 1828 2767 the

201 2801 354 2846 Greeks,
395 2801 601 2837 Etruscans
637 2799 713 2835 and
752 2799 930 2834 Romans.
956 2797 1138 2843 (Chicago
1162 2794 1286 2841 1905),
1311 2805 1334 2829 a
1358 2792 1590 2838 Koettgenia
1615 2791 1828 2827 laudatam.

252 2859 287 2907 ⁸)
311 2861 373 2896 Sic
399 2860 605 2896 Robertus:
634 2859 730 2904 „mit
756 2857 837 2893 drei
863 2857 1056 2892 schweren
1085 2855 1230 2900 Nageln
1257 2852 1474 2898 besestigt.''

252 2919 289 2967 ι)
314 2918 640 2966 ‚,firmly-bolted'‘
667 2916 897 2953 pearsonius
921 2915 1120 2951 conferens
1144 2915 1354 2960 τρισάθλιοσ,
1379 2914 1550 2958 τριγέρων,
1568 2911 1740 2956 τρίδοιιλοσ
1757 2911 1827 2943 etc.
