2274 3750
890 331 1119 374 ...23-

193 465 310 508 fasse
338 463 549 516 θυμαίνειν
566 463 632 506 als
649 463 870 506 dezenten
888 462 1045 506 Ersatz
1061 464 1136 506 fiir
1151 465 1404 518 ἀποθυμιᾶν,
1422 464 1464 506 d.
1483 464 1510 507 i.
1530 463 1825 516 ἀποπαρδεῑν.”

197 533 358 578 Verior
389 535 591 589 fortasse,
615 537 735 578 certe
757 532 1009 590 simplicior
1035 537 1102 577 est
1127 533 1383 590 Vollgraffii
1405 534 1671 591 explicatio:
1700 535 1826 587 „dno-

195 606 408 659 θυμαίνειν
454 609 524 666 est>
567 604 700 650 valde
746 603 1002 657 θυμαίνειν.”
1027 605 1075 659 1),
1122 619 1253 661 usque
1297 619 1341 648 eo
1386 605 1476 648 irae
1514 605 1742 661 indulye‘re,
1780 609 1828 648 ut

192 676 301 719 vires
347 680 382 719 te
421 676 616 733 deficiant
656 676 727 732 (cf.
772 676 1086 729 ἀπομαίνεσθαι,
1135 675 1452 732 ἀποργίζεσθαι),
1498 676 1622 733 quod
1666 689 1826 720 revera

193 749 262 790 est
301 746 543 790 simiarum
583 746 894 800 irascentium,
928 760 1045 803 quae
1078 760 1247 803 pronae
1278 747 1356 801 ita,
1389 750 1441 790 ut
1471 746 1691 803 posterior
1721 761 1825 803 pars

193 818 394 875 corporis
434 817 524 861 alte
565 832 703 874 supra
741 817 1018 861 anteriorem
1050 818 1264 871 emineat,
1298 817 1512 861 dentibus
1542 807 1825 874 fulgentibus

188 885 244 932 in
284 889 432 946 capite
472 893 680 946 porrecto
723 892 768 932 et
805 888 942 931 hodie
974 892 1247 945 spectatores
1279 888 1503 932 delectare
1535 888 1722 932 soleant.
1757 888 1823 931 De

143 991 151 997 -
193 973 304 1004 voce
350 958 481 1014 κῦβδα
526 959 686 1016 utique
733 960 994 1003 conferatur
1039 959 1178 1002 Arist.
1226 959 1380 1016 Equit.
1429 974 1494 1003 vs.
1541 959 1626 1002 365
1666 959 1742 1011 ἐγὼ
1783 959 1823 1000 δὲ

191 1035 231 1083 γ’
262 1028 407 1079 ἐξέλξω
437 1044 477 1071 σε
509 1039 583 1085 τῆσ
612 1038 747 1084 πυγῆσ
777 1030 926 1086 θύραζε
957 1029 1100 1086 κῦβδα,
1139 1031 1241 1074 Pac.
1275 1030 1375 1085 897,
1407 1030 1591 1074 Thesm.
1623 1030 1723 1074 489.

250 1101 629 1158 Interrogationis
676 1102 807 1158 signa
853 1105 954 1158 post
996 1102 1129 1144 πεσών
1167 1102 1250 1155 (vs.
1285 1102 1388 1157 121)
1420 1106 1465 1145 et
1495 1105 1573 1143 τινί
1604 1101 1686 1158 (vs.
1721 1101 1824 1157 122)

192 1173 407 1230 ponenda
437 1186 531 1216 esse
573 1176 704 1229 putat
749 1172 1054 1228 Vollgraffius.
1089 1172 1348 1229 Perperam,
1382 1173 1557 1229 opinor,
1590 1186 1700 1215 nam
1731 1186 1822 1215 con-

190 1244 316 1302 spicit
345 1243 527 1287 Silenus
558 1243 744 1301 Satyros
773 1247 827 1287 ut
852 1244 1004 1300 ἐχίνουσ
1026 1247 1071 1286 et
1095 1244 1294 1297 πιθήκουσ
1314 1243 1447 1287 humi
1468 1244 1681 1297 iacentes,
1702 1247 1823 1299 φοραί

190 1314 381 1359 deinde:
414 1315 455 1357 τί
483 1322 636 1369 ταῦτα;
670 1313 756 1359 κτλ.

246 1455 344 1502 123.
393 1456 583 1513 Legitur
628 1457 679 1500 in
724 1470 899 1514 papyro
952 1458 993 1498 ἐν
1039 1456 1204 1514 πο[ι’]ωι
1256 1457 1422 1510 monem,-
1469 1456 1652 1500 Wilam.
1701 1455 1820 1499 recte

189 1527 384 1572 coniecit
427 1528 470 1570 ἓν
516 1528 634 1569 ποίωι
681 1528 822 1572 τόπωι.
871 1527 1011 1571 Haud
1058 1527 1190 1570 facile
1222 1527 1346 1570 enim
1378 1526 1514 1580 dicaS‚
1547 1526 1659 1583 quid
1691 1526 1748 1569 sit
1779 1527 1820 1567 ἐν

189 1599 341 1652 τρόπωι
387 1613 472 1642 nec
517 1613 714 1656 usquam
761 1598 884 1653 alibi,
929 1599 1052 1655 quod
1101 1598 1255 1651 sciam,
1309 1612 1479 1641 nomen
1522 1598 1672 1651 τρόποσ
1713 1611 1817 1640 cum

189 1670 526 1727 praepositione
567 1670 609 1712 ἓν
650 1670 949 1714 coniunctum
991 1669 1172 1726 legitur.
1208 1669 1385 1712 Vitium
1418 1683 1476 1712 ex
1506 1668 1819 1724 dittographia

188 1744 354 1785 ortum.

195 1872 201 1875 “
244 1881 326 1928 125
342 1896 437 1940 sqq.
473 1882 803 1940 Obiurgatione
836 1882 1105 1939 Satyrorum
1136 1882 1314 1924 animos
1336 1895 1522 1926 movere
1545 1881 1702 1925 Sileno
1724 1895 1818 1924 non

187 1953 335 2007 datur,
378 1968 487 1997 nam
528 1954 662 2011 plura
703 1954 842 1997 etiam
874 1954 1061 1996 fortasse
1093 1953 1334 1996 additurus
1366 1946 1475 2006 erat,
1510 1967 1616 1995 cum
1648 1953 1816 1995 iterum

189 2023 390 2068 citharae
407 2039 558 2079 sonus,
577 2040 702 2068 nunc
723 2025 817 2068 iam
840 2025 1016 2079 clarior,
1039 2024 1238 2067 auditur.
1262 2024 1438 2067 Chorus
1460 2023 1613 2078 igitur,
1638 2038 1819 2080 semper

187 2095 339 2139 adhuc
370 2096 502 2139 humi
532 2097 698 2150 iacens,
731 2096 881 2139 subito
914 2095 1119 2151 exsurgit
1150 2099 1195 2138 et
1225 2094 1393 2151 pavido
1411 2108 1516 2137 cum
1540 2094 1736 2138 clamore
1759 2094 1816 2137 ad

187 2166 396 2210 Silenum
420 2181 515 2211 sese
537 2167 712 2224 recipit,
736 2166 859 2224 quod
892 2181 957 2210 vs.
991 2167 1077 2210 160
1109 2181 1167 2209 ex
1199 2165 1439 2223 participio
1471 2165 1818 2218 ἆνανοστήσαντεσ

187 2237 295 2281 satis
325 2253 545 2295 apparere
576 2239 675 2282 iure
707 2241 899 2281 annotat
932 2237 1242 2292 Vollgraffius.

245 2367 340 2414 125.
371 2370 396 2409 ὓ
427 2365 452 2410 ὗ
486 2370 508 2410 ὓ
539 2365 577 2422 ὗ,
605 2369 660 2412 cf.
696 2368 794 2413 170.
828 2366 966 2412 Redit
997 2367 1292 2423 Aristophan.
1329 2366 1448 2409 Plut.
1482 2366 1581 2409 895.

244 2497 338 2544 126.
382 2498 534 2542 Iratus
575 2498 718 2542 Sileni
762 2498 945 2542 animus
977 2497 1146 2541 crebris
1178 2495 1613 2551 interrogationibus
1645 2497 1815 2553 optime

186 2567 464 2626 designatur.
500 2571 565 2614 Cf.
600 2570 686 2613 215
702 2584 798 2626 sqq.

246 2642 324 2683 τίν’
365 2643 555 2694 εἰσορᾶισ,·
598 2641 740 2683 Anxii
783 2655 889 2696 ergo
921 2640 979 2683 ad
1012 2654 1114 2682 eam
1147 2639 1381 2695 regionem
1415 2652 1572 2682 versus
1594 2643 1812 2695 spectant,

188 2711 310 2755 unde
343 2726 481 2755 sonus
514 2711 652 2755 modo
683 2715 885 2756 venerat.

244 2841 335 2887 127.
377 2843 415 2883 τί
446 2859 544 2883 ποτε
574 2842 778 2898 βακχεύεισ
809 2840 932 2898 ἐ’χων,·
969 2841 1115 2895 „Quid
1149 2844 1227 2893 est,
1261 2839 1383 2896 quod
1416 2838 1589 2882 furis‘?''
1623 2839 1813 2882 Locutio

240 2986 272 3031 ¹)
307 2984 362 3021 l.l.
399 2995 484 3031 pag.
519 2982 578 3019 85.
616 2983 765 3019 Erotico
803 2993 916 3018 sensu
952 2982 1095 3028 Vollgr.
1122 2980 1278 3016 verbum
1306 2979 1556 3026 interpretari
1583 2979 1736 3015 videtur
1760 2980 1814 3015 sic

188 3047 358 3080 vertens:
395 3046 491 3088 „aut
527 3041 728 3078 simiarum
766 3041 846 3077 ritu
879 3051 1023 3087 pronus
1055 3040 1096 3075 in
1126 3040 1300 3086 aliquam
1327 3039 1447 3074 furori
1474 3042 1541 3074 tuo
1568 3038 1746 3084 indulges
1760 3039 1814 3083 ?'’,

186 3113 301 3149 quam
328 3105 459 3138 tamen
486 3101 589 3137 verbi
618 3105 799 3143 θυμαίνειν
819 3100 894 3136 vim
920 3099 1087 3144 aliunde,
1105 3098 1204 3144 quod
1223 3097 1353 3143 sciam,
1372 3101 1501 3133 notam
1523 3108 1598 3132 non
1614 3097 1813 3133 habemus.
