<?xml version="1.0" encoding="UTF-8"?>
<!DOCTYPE html PUBLIC "-//W3C//DTD XHTML 1.0 Transitional//EN"
    "http://www.w3.org/TR/xhtml1/DTD/xhtml1-transitional.dtd">
<html xmlns="http://www.w3.org/1999/xhtml" xml:lang="en" lang="en">
 <head>
  <title>
</title>
<meta http-equiv="Content-Type" content="text/html;charset=utf-8" />
  <meta name='ocr-system' content='tesseract 3.04.00' />
  <meta name='ocr-capabilities' content='ocr_page ocr_carea ocr_par ocr_line ocrx_word'/>
</head>
<body>
  <div class='ocr_page' id='page_1' title='image "./desophoclisindag00spoeuoft_0060.png"; bbox 0 0 2274 3750; ppageno 0'>
   <div class='ocr_carea' id='block_1_1' title="bbox 1184 349 1418 392">
    <p class='ocr_par' dir='ltr' id='par_1_1' title="bbox 1184 349 1418 392">
     <span class='ocr_line' id='line_1_1' title="bbox 1184 349 1418 392; baseline 0.004 -11"><span class='ocrx_word' id='word_1_1' title='bbox 1184 349 1418 392; x_wconf 65' lang='lat'>-44-</span> 
     </span>
    </p>
   </div>
   <div class='ocr_carea' id='block_1_2' title="bbox 480 479 2117 2246">
    <p class='ocr_par' dir='ltr' id='par_1_2' title="bbox 488 479 2117 608">
     <span class='ocr_line' id='line_1_2' title="bbox 492 479 2117 536; baseline 0.003 -15"><span class='ocrx_word' id='word_1_2' title='bbox 492 479 687 522; x_wconf 81' lang='lat' dir='ltr'><strong>Causam</strong></span> <span class='ocrx_word' id='word_1_3' title='bbox 735 479 876 535; x_wconf 86' lang='lat' dir='ltr'>igitur</span> <span class='ocrx_word' id='word_1_4' title='bbox 921 494 949 522; x_wconf 90' lang='lat' dir='ltr'>a</span> <span class='ocrx_word' id='word_1_5' title='bbox 973 479 1194 523; x_wconf 68' lang='lat' dir='ltr'>‘Roberto</span> <span class='ocrx_word' id='word_1_6' title='bbox 1237 481 1462 536; x_wconf 82' lang='lat' dir='ltr'>prolatam</span> <span class='ocrx_word' id='word_1_7' title='bbox 1506 482 1659 524; x_wconf 87' lang='lat' dir='ltr'>minus</span> <span class='ocrx_word' id='word_1_8' title='bbox 1690 485 1863 525; x_wconf 74' lang='lat' dir='ltr'>rectam</span> <span class='ocrx_word' id='word_1_9' title='bbox 1908 482 2117 527; x_wconf 75' lang='lat' dir='ltr'>iudicans</span> 
     </span>
     <span class='ocr_line' id='line_1_3' title="bbox 488 550 1667 608; baseline 0.003 -16"><span class='ocrx_word' id='word_1_10' title='bbox 488 550 598 606; x_wconf 92' lang='lat' dir='ltr'>ipse,</span> <span class='ocrx_word' id='word_1_11' title='bbox 632 564 749 606; x_wconf 87' lang='lat' dir='ltr'>quae</span> <span class='ocrx_word' id='word_1_12' title='bbox 783 550 959 593; x_wconf 83' lang='lat' dir='ltr'>veriora</span> <span class='ocrx_word' id='word_1_13' title='bbox 991 550 1107 593; x_wconf 90' lang='lat' dir='ltr'>mihi</span> <span class='ocrx_word' id='word_1_14' title='bbox 1140 550 1367 605; x_wconf 89' lang='lat' dir='ltr'>videntur,</span> <span class='ocrx_word' id='word_1_15' title='bbox 1401 566 1667 608; x_wconf 89' lang='lat' dir='ltr'>proponam.</span> 
     </span>
    </p>

    <p class='ocr_par' dir='ltr' id='par_1_3' title="bbox 480 621 2117 2034">
     <span class='ocr_line' id='line_1_4' title="bbox 547 621 2116 679; baseline 0.003 -16"><span class='ocrx_word' id='word_1_16' title='bbox 547 621 603 663; x_wconf 89' lang='lat' dir='ltr'>In</span> <span class='ocrx_word' id='word_1_17' title='bbox 635 621 703 674; x_wconf 90' lang='lat' dir='ltr'>iis,</span> <span class='ocrx_word' id='word_1_18' title='bbox 737 634 854 677; x_wconf 90' lang='lat' dir='ltr'>quae</span> <span class='ocrx_word' id='word_1_19' title='bbox 887 621 942 664; x_wconf 90' lang='lat' dir='ltr'>de</span> <span class='ocrx_word' id='word_1_20' title='bbox 976 621 1204 678; x_wconf 83' lang='lat' dir='ltr'>Apollinis</span> <span class='ocrx_word' id='word_1_21' title='bbox 1235 622 1398 665; x_wconf 89' lang='lat' dir='ltr'>itinere</span> <span class='ocrx_word' id='word_1_22' title='bbox 1429 623 1675 679; x_wconf 75' lang='lat' dir='ltr'>disputavi,</span> <span class='ocrx_word' id='word_1_23' title='bbox 1709 623 1898 679; x_wconf 82' lang='lat' dir='ltr'>probare</span> <span class='ocrx_word' id='word_1_24' title='bbox 1928 627 2116 668; x_wconf 84' lang='lat' dir='ltr'>conatus</span> 
     </span>
     <span class='ocr_line' id='line_1_5' title="bbox 488 692 2117 751; baseline 0.003 -17"><span class='ocrx_word' id='word_1_25' title='bbox 488 705 591 734; x_wconf 91' lang='lat' dir='ltr'>sum</span> <span class='ocrx_word' id='word_1_26' title='bbox 622 692 709 735; x_wconf 90' lang='lat' dir='ltr'>iter</span> <span class='ocrx_word' id='word_1_27' title='bbox 739 692 854 735; x_wconf 90' lang='lat' dir='ltr'>illud</span> <span class='ocrx_word' id='word_1_28' title='bbox 886 693 1078 749; x_wconf 89' lang='lat' dir='ltr'>plenum</span> <span class='ocrx_word' id='word_1_29' title='bbox 1109 694 1247 736; x_wconf 88' lang='lat' dir='ltr'>fuisse</span> <span class='ocrx_word' id='word_1_30' title='bbox 1279 708 1500 747; x_wconf 88' lang='lat' dir='ltr'>errorum,</span> <span class='ocrx_word' id='word_1_31' title='bbox 1533 694 1655 737; x_wconf 85' lang='lat' dir='ltr'>unde</span> <span class='ocrx_word' id='word_1_32' title='bbox 1688 694 1907 751; x_wconf 84' lang='lat' dir='ltr'>sequitur,</span> <span class='ocrx_word' id='word_1_33' title='bbox 1931 695 2117 740; x_wconf 86' lang='grc'><strong>11161113-</strong></span> 
     </span>
     <span class='ocr_line' id='line_1_6' title="bbox 488 763 2116 823; baseline 0.003 -18"><span class='ocrx_word' id='word_1_34' title='bbox 488 763 612 805; x_wconf 89' lang='lat' dir='ltr'>modi</span> <span class='ocrx_word' id='word_1_35' title='bbox 645 763 731 806; x_wconf 86' lang='lat' dir='ltr'>iter</span> <span class='ocrx_word' id='word_1_36' title='bbox 752 788 810 795; x_wconf 90' lang='lat'>--</span> <span class='ocrx_word' id='word_1_37' title='bbox 831 763 964 808; x_wconf 89' lang='lat' dir='ltr'>aliter</span> <span class='ocrx_word' id='word_1_38' title='bbox 994 768 1131 821; x_wconf 87' lang='lat' dir='ltr'>atque</span> <span class='ocrx_word' id='word_1_39' title='bbox 1163 765 1367 822; x_wconf 83' lang='lat' dir='ltr'>hymnus</span> <span class='ocrx_word' id='word_1_40' title='bbox 1397 765 1529 808; x_wconf 90' lang='lat' dir='ltr'>nobis</span> <span class='ocrx_word' id='word_1_41' title='bbox 1550 770 1706 809; x_wconf 88' lang='lat' dir='ltr'>narrat</span> <span class='ocrx_word' id='word_1_42' title='bbox 1727 792 1784 797; x_wconf 86' lang='lat'>——</span> <span class='ocrx_word' id='word_1_43' title='bbox 1806 766 1927 810; x_wconf 88' lang='lat' dir='ltr'>intra</span> <span class='ocrx_word' id='word_1_44' title='bbox 1948 781 2116 823; x_wconf 88' lang='lat' dir='ltr'>paucas</span> 
     </span>
     <span class='ocr_line' id='line_1_7' title="bbox 488 834 2115 894; baseline 0.002 -17"><span class='ocrx_word' id='word_1_45' title='bbox 488 834 644 890; x_wconf 88' lang='lat' dir='ltr'>perfici</span> <span class='ocrx_word' id='word_1_46' title='bbox 676 835 811 878; x_wconf 89' lang='lat' dir='ltr'>horas</span> <span class='ocrx_word' id='word_1_47' title='bbox 843 850 937 879; x_wconf 92' lang='lat' dir='ltr'>non</span> <span class='ocrx_word' id='word_1_48' title='bbox 968 836 1181 893; x_wconf 90' lang='lat' dir='ltr'>potuerit,</span> <span class='ocrx_word' id='word_1_49' title='bbox 1213 837 1291 880; x_wconf 89' lang='lat' dir='ltr'>sed</span> <span class='ocrx_word' id='word_1_50' title='bbox 1323 851 1405 894; x_wconf 90' lang='lat' dir='ltr'>per</span> <span class='ocrx_word' id='word_1_51' title='bbox 1436 837 1693 894; x_wconf 85' lang='lat' dir='ltr'>complures</span> <span class='ocrx_word' id='word_1_52' title='bbox 1719 837 1816 880; x_wconf 91' lang='lat' dir='ltr'>dies</span> <span class='ocrx_word' id='word_1_53' title='bbox 1842 837 2115 894; x_wconf 89' lang='lat' dir='ltr'>perductum</span> 
     </span>
     <span class='ocr_line' id='line_1_8' title="bbox 487 907 2115 965; baseline 0.002 -17"><span class='ocrx_word' id='word_1_54' title='bbox 487 919 581 948; x_wconf 89' lang='lat' dir='ltr'>esse</span> <span class='ocrx_word' id='word_1_55' title='bbox 623 920 804 949; x_wconf 90' lang='lat' dir='ltr'>necesse</span> <span class='ocrx_word' id='word_1_56' title='bbox 845 907 916 951; x_wconf 89' lang='lat' dir='ltr'>sit.</span> <span class='ocrx_word' id='word_1_57' title='bbox 960 907 1122 964; x_wconf 89' lang='lat' dir='ltr'>Itaque</span> <span class='ocrx_word' id='word_1_58' title='bbox 1164 921 1270 950; x_wconf 85' lang='lat' dir='ltr'>cum</span> <span class='ocrx_word' id='word_1_59' title='bbox 1313 907 1608 962; x_wconf 86' lang='lat' dir='ltr'>Mercurium,</span> <span class='ocrx_word' id='word_1_60' title='bbox 1651 912 1704 951; x_wconf 91' lang='lat' dir='ltr'>ut</span> <span class='ocrx_word' id='word_1_61' title='bbox 1744 908 1793 951; x_wconf 90' lang='lat' dir='ltr'>in</span> <span class='ocrx_word' id='word_1_62' title='bbox 1830 908 2020 965; x_wconf 89' lang='lat' dir='ltr'><strong>hymno,</strong></span> <span class='ocrx_word' id='word_1_63' title='bbox 2051 909 2115 953; x_wconf 87' lang='lat' dir='ltr'>sic</span> 
     </span>
     <span class='ocr_line' id='line_1_9' title="bbox 485 976 2116 1036; baseline 0.003 -18"><span class='ocrx_word' id='word_1_64' title='bbox 485 976 625 1019; x_wconf 90' lang='lat' dir='ltr'>etiam</span> <span class='ocrx_word' id='word_1_65' title='bbox 648 977 697 1019; x_wconf 92' lang='lat' dir='ltr'>in</span> <span class='ocrx_word' id='word_1_66' title='bbox 718 976 874 1021; x_wconf 88' lang='lat' dir='ltr'>fabula</span> <span class='ocrx_word' id='word_1_67' title='bbox 897 978 1147 1022; x_wconf 84' lang='lat' dir='ltr'>conicimus</span> <span class='ocrx_word' id='word_1_68' title='bbox 1169 979 1430 1035; x_wconf 89' lang='lat' dir='ltr'>vespertino</span> <span class='ocrx_word' id='word_1_69' title='bbox 1451 978 1542 1022; x_wconf 90' lang='lat' dir='ltr'>diei</span> <span class='ocrx_word' id='word_1_70' title='bbox 1564 979 1730 1022; x_wconf 86' lang='lat' dir='ltr'>natalis</span> <span class='ocrx_word' id='word_1_71' title='bbox 1751 983 1955 1036; x_wconf 89' lang='lat' dir='ltr'>tempore</span> <span class='ocrx_word' id='word_1_72' title='bbox 1977 978 2116 1024; x_wconf 88' lang='lat' dir='ltr'>boves</span> 
     </span>
     <span class='ocr_line' id='line_1_10' title="bbox 486 1048 2115 1107; baseline 0.003 -18"><span class='ocrx_word' id='word_1_73' title='bbox 486 1048 702 1104; x_wconf 83' lang='lat' dir='ltr'>rapuisse,</span> <span class='ocrx_word' id='word_1_74' title='bbox 746 1048 859 1093; x_wconf 90' lang='lat' dir='ltr'>haec</span> <span class='ocrx_word' id='word_1_75' title='bbox 906 1049 1111 1107; x_wconf 91' lang='lat' dir='ltr'>quinque</span> <span class='ocrx_word' id='word_1_76' title='bbox 1158 1049 1340 1094; x_wconf 90' lang='lat' dir='ltr'>dierum</span> <span class='ocrx_word' id='word_1_77' title='bbox 1386 1054 1512 1093; x_wconf 87' lang='lat' dir='ltr'>aetas</span> <span class='ocrx_word' id='word_1_78' title='bbox 1558 1050 1899 1107; x_wconf 88' lang='lat' dir='ltr'>quodammodo</span> <span class='ocrx_word' id='word_1_79' title='bbox 1944 1050 2115 1095; x_wconf 89' lang='lat' dir='ltr'>indicio</span> 
     </span>
     <span class='ocr_line' id='line_1_11' title="bbox 485 1118 2115 1179; baseline 0.003 -18"><span class='ocrx_word' id='word_1_80' title='bbox 485 1118 617 1162; x_wconf 90' lang='lat' dir='ltr'>nobis</span> <span class='ocrx_word' id='word_1_81' title='bbox 648 1134 743 1163; x_wconf 89' lang='lat' dir='ltr'>esse</span> <span class='ocrx_word' id='word_1_82' title='bbox 776 1123 936 1177; x_wconf 88' lang='lat' dir='ltr'>potest,</span> <span class='ocrx_word' id='word_1_83' title='bbox 969 1122 1178 1178; x_wconf 76' lang='lat' dir='ltr'>quamdiu</span> <span class='ocrx_word' id='word_1_84' title='bbox 1208 1121 1374 1178; x_wconf 91' lang='lat' dir='ltr'>Apollo</span> <span class='ocrx_word' id='word_1_85' title='bbox 1405 1120 1546 1166; x_wconf 91' lang='lat' dir='ltr'>boves</span> <span class='ocrx_word' id='word_1_86' title='bbox 1572 1121 1842 1179; x_wconf 83' lang='lat' dir='ltr'>perquirens</span> <span class='ocrx_word' id='word_1_87' title='bbox 1862 1136 1944 1179; x_wconf 88' lang='lat' dir='ltr'>per</span> <span class='ocrx_word' id='word_1_88' title='bbox 1965 1121 2115 1167; x_wconf 88' lang='lat' dir='ltr'>varios</span> 
     </span>
     <span class='ocr_line' id='line_1_12' title="bbox 485 1191 2115 1249; baseline 0.002 -16"><span class='ocrx_word' id='word_1_89' title='bbox 485 1191 599 1233; x_wconf 87' lang='lat' dir='ltr'>fines</span> <span class='ocrx_word' id='word_1_90' title='bbox 626 1191 859 1235; x_wconf 90' lang='lat' dir='ltr'>erraverit.</span> <span class='ocrx_word' id='word_1_91' title='bbox 884 1191 1175 1249; x_wconf 81' lang='lat' dir='ltr'>Quamquam</span> <span class='ocrx_word' id='word_1_92' title='bbox 1198 1193 1336 1235; x_wconf 89' lang='lat' dir='ltr'>nimis</span> <span class='ocrx_word' id='word_1_93' title='bbox 1357 1207 1520 1249; x_wconf 86' lang='lat' dir='ltr'>urgere</span> <span class='ocrx_word' id='word_1_94' title='bbox 1541 1193 1628 1236; x_wconf 92' lang='lat' dir='ltr'>hoc</span> <span class='ocrx_word' id='word_1_95' title='bbox 1650 1193 1769 1247; x_wconf 91' lang='lat' dir='ltr'>nolo,</span> <span class='ocrx_word' id='word_1_96' title='bbox 1792 1207 1903 1236; x_wconf 88' lang='lat' dir='ltr'>nam</span> <span class='ocrx_word' id='word_1_97' title='bbox 1923 1207 1982 1237; x_wconf 85' lang='lat' dir='ltr'>ex</span> <span class='ocrx_word' id='word_1_98' title='bbox 1997 1193 2115 1249; x_wconf 85' lang='lat' dir='ltr'>frag-</span> 
     </span>
     <span class='ocr_line' id='line_1_13' title="bbox 485 1261 2115 1320; baseline 0.003 -17"><span class='ocrx_word' id='word_1_99' title='bbox 485 1261 652 1304; x_wconf 78' lang='lat' dir='ltr'>mentis</span> <span class='ocrx_word' id='word_1_100' title='bbox 683 1262 815 1306; x_wconf 91' lang='lat' dir='ltr'>nobis</span> <span class='ocrx_word' id='word_1_101' title='bbox 846 1263 1024 1306; x_wconf 88' lang='lat' dir='ltr'>traditis</span> <span class='ocrx_word' id='word_1_102' title='bbox 1051 1277 1279 1320; x_wconf 85' lang='lat' dir='ltr'>nusquam</span> <span class='ocrx_word' id='word_1_103' title='bbox 1299 1267 1492 1320; x_wconf 70' lang='lat' dir='ltr'>,apparet</span> <span class='ocrx_word' id='word_1_104' title='bbox 1514 1264 1793 1307; x_wconf 90' lang='lat' dir='ltr'>Mercurium</span> <span class='ocrx_word' id='word_1_105' title='bbox 1815 1264 1995 1318; x_wconf 71' lang='grc' dir='ltr'>ἑσπέριον</span> <span class='ocrx_word' id='word_1_106' title='bbox 2013 1278 2115 1308; x_wconf 84' lang='lat' dir='ltr'>vac-</span> 
     </span>
     <span class='ocr_line' id='line_1_14' title="bbox 484 1334 2114 1392; baseline 0.002 -17"><span class='ocrx_word' id='word_1_107' title='bbox 484 1347 640 1375; x_wconf 87' lang='lat' dir='ltr'>carum</span> <span class='ocrx_word' id='word_1_108' title='bbox 674 1334 847 1377; x_wconf 89' lang='lat' dir='ltr'>furtum</span> <span class='ocrx_word' id='word_1_109' title='bbox 873 1335 1165 1379; x_wconf 88' lang='lat' dir='ltr'>commisisse.</span> <span class='ocrx_word' id='word_1_110' title='bbox 1190 1335 1278 1379; x_wconf 80' lang='lat' dir='ltr'>Sed</span> <span class='ocrx_word' id='word_1_111' title='bbox 1299 1335 1443 1378; x_wconf 89' lang='lat' dir='ltr'>altera</span> <span class='ocrx_word' id='word_1_112' title='bbox 1465 1335 1605 1378; x_wconf 88' lang='lat' dir='ltr'>etiam</span> <span class='ocrx_word' id='word_1_113' title='bbox 1627 1350 1763 1379; x_wconf 90' lang='lat' dir='ltr'>causa</span> <span class='ocrx_word' id='word_1_114' title='bbox 1782 1334 1914 1379; x_wconf 89' lang='lat' dir='ltr'>nobis</span> <span class='ocrx_word' id='word_1_115' title='bbox 1935 1339 2114 1392; x_wconf 87' lang='lat' dir='ltr'>praesto</span> 
     </span>
     <span class='ocr_line' id='line_1_15' title="bbox 483 1404 2114 1463; baseline 0.002 -17"><span class='ocrx_word' id='word_1_116' title='bbox 483 1408 563 1447; x_wconf 90' lang='lat' dir='ltr'>est.</span> <span class='ocrx_word' id='word_1_117' title='bbox 598 1404 783 1448; x_wconf 78' lang='lat' dir='ltr'>Etenim</span> <span class='ocrx_word' id='word_1_118' title='bbox 815 1406 852 1448; x_wconf 92' lang='lat' dir='ltr'>si</span> <span class='ocrx_word' id='word_1_119' title='bbox 884 1406 1130 1463; x_wconf 86' lang='lat' dir='ltr'>Sophocles</span> <span class='ocrx_word' id='word_1_120' title='bbox 1162 1421 1266 1450; x_wconf 88' lang='lat' dir='ltr'>cum</span> <span class='ocrx_word' id='word_1_121' title='bbox 1290 1407 1466 1463; x_wconf 89' lang='lat' dir='ltr'>hymno</span> <span class='ocrx_word' id='word_1_122' title='bbox 1489 1407 1696 1450; x_wconf 88' lang='lat' dir='ltr'>finxisset</span> <span class='ocrx_word' id='word_1_123' title='bbox 1716 1407 1999 1451; x_wconf 89' lang='lat' dir='ltr'>Mercurium</span> <span class='ocrx_word' id='word_1_124' title='bbox 2018 1407 2114 1451; x_wconf 87' lang='lat' dir='ltr'>iam</span> 
     </span>
     <span class='ocr_line' id='line_1_16' title="bbox 485 1476 2111 1536; baseline 0.002 -18"><span class='ocrx_word' id='word_1_125' title='bbox 485 1476 685 1519; x_wconf 90' lang='lat' dir='ltr'>secundo</span> <span class='ocrx_word' id='word_1_126' title='bbox 730 1477 818 1531; x_wconf 90' lang='lat' dir='ltr'>die,</span> <span class='ocrx_word' id='word_1_127' title='bbox 866 1482 1108 1536; x_wconf 75' lang='lat' dir='ltr'>postquam</span> <span class='ocrx_word' id='word_1_128' title='bbox 1156 1482 1291 1522; x_wconf 90' lang='lat' dir='ltr'>natus</span> <span class='ocrx_word' id='word_1_129' title='bbox 1343 1483 1470 1532; x_wconf 87' lang='grc'><strong>63361,</strong></span> <span class='ocrx_word' id='word_1_130' title='bbox 1522 1477 1581 1522; x_wconf 89' lang='lat' dir='ltr'>ab</span> <span class='ocrx_word' id='word_1_131' title='bbox 1632 1478 1847 1535; x_wconf 88' lang='lat' dir='ltr'>Apolline</span> <span class='ocrx_word' id='word_1_132' title='bbox 1898 1477 2111 1532; x_wconf 89' lang='lat' dir='ltr'>inveniri,</span> 
     </span>
     <span class='ocr_line' id='line_1_17' title="bbox 484 1547 2114 1606; baseline 0.001 -17"><span class='ocrx_word' id='word_1_133' title='bbox 484 1547 676 1590; x_wconf 90' lang='lat' dir='ltr'>omnino</span> <span class='ocrx_word' id='word_1_134' title='bbox 707 1548 805 1591; x_wconf 90' lang='lat' dir='ltr'>fieri</span> <span class='ocrx_word' id='word_1_135' title='bbox 837 1563 930 1592; x_wconf 92' lang='lat' dir='ltr'>non</span> <span class='ocrx_word' id='word_1_136' title='bbox 958 1553 1149 1606; x_wconf 89' lang='lat' dir='ltr'>poterat,</span> <span class='ocrx_word' id='word_1_137' title='bbox 1182 1553 1235 1593; x_wconf 89' lang='lat' dir='ltr'>ut</span> <span class='ocrx_word' id='word_1_138' title='bbox 1266 1549 1454 1606; x_wconf 85' lang='lat' dir='ltr'>Cyllene</span> <span class='ocrx_word' id='word_1_139' title='bbox 1486 1553 1582 1592; x_wconf 89' lang='lat' dir='ltr'>tam</span> <span class='ocrx_word' id='word_1_140' title='bbox 1613 1549 1690 1606; x_wconf 90' lang='lat' dir='ltr'>pia</span> <span class='ocrx_word' id='word_1_141' title='bbox 1721 1549 1961 1606; x_wconf 79' lang='lat' dir='ltr'>diligentia</span> <span class='ocrx_word' id='word_1_142' title='bbox 1987 1550 2114 1592; x_wconf 71' lang='grc' dir='ltr'><strong><em>νύκτα</em></strong></span> 
     </span>
     <span class='ocr_line' id='line_1_18' title="bbox 482 1618 2113 1678; baseline 0.004 -21"><span class='ocrx_word' id='word_1_143' title='bbox 482 1620 547 1658; x_wconf 83' lang='grc' dir='ltr'>καὶ</span> <span class='ocrx_word' id='word_1_144' title='bbox 579 1623 676 1660; x_wconf 74' lang='grc' dir='ltr'>καθ’</span> <span class='ocrx_word' id='word_1_145' title='bbox 704 1619 852 1674; x_wconf 73' lang='grc' dir='ltr'><em>ἡμέραν</em></span> <span class='ocrx_word' id='word_1_146' title='bbox 873 1618 1117 1664; x_wconf 88' lang='lat' dir='ltr'>alumnum</span> <span class='ocrx_word' id='word_1_147' title='bbox 1139 1635 1274 1664; x_wconf 90' lang='lat' dir='ltr'>suum</span> <span class='ocrx_word' id='word_1_148' title='bbox 1293 1622 1472 1674; x_wconf 21' lang='lat' dir='ltr'>*foveret</span> <span class='ocrx_word' id='word_1_149' title='bbox 1492 1624 1631 1678; x_wconf 90' lang='lat' dir='ltr'>atque</span> <span class='ocrx_word' id='word_1_150' title='bbox 1653 1624 1844 1674; x_wconf 82' lang='lat' dir='ltr'>curaret,</span> <span class='ocrx_word' id='word_1_151' title='bbox 1867 1620 2113 1664; x_wconf 90' lang='lat' dir='ltr'>alumnum</span> 
     </span>
     <span class='ocr_line' id='line_1_19' title="bbox 482 1689 2113 1749; baseline 0.002 -18"><span class='ocrx_word' id='word_1_152' title='bbox 482 1689 666 1744; x_wconf 90' lang='lat' dir='ltr'>scilicet,</span> <span class='ocrx_word' id='word_1_153' title='bbox 700 1704 838 1746; x_wconf 90' lang='lat' dir='ltr'>quem</span> <span class='ocrx_word' id='word_1_154' title='bbox 870 1691 951 1735; x_wconf 85' lang='lat' dir='ltr'>vix</span> <span class='ocrx_word' id='word_1_155' title='bbox 982 1692 1196 1745; x_wconf 79' lang='lat' dir='ltr'>novisset,</span> <span class='ocrx_word' id='word_1_156' title='bbox 1230 1692 1345 1749; x_wconf 89' lang='lat' dir='ltr'>quin</span> <span class='ocrx_word' id='word_1_157' title='bbox 1376 1692 1515 1735; x_wconf 85' lang='lat' dir='ltr'>etiam</span> <span class='ocrx_word' id='word_1_158' title='bbox 1547 1691 1628 1735; x_wconf 88' lang='lat' dir='ltr'>vix</span> <span class='ocrx_word' id='word_1_159' title='bbox 1659 1692 1862 1742; x_wconf 85' lang='lat' dir='ltr'>vidisset,</span> <span class='ocrx_word' id='word_1_160' title='bbox 1894 1705 2002 1735; x_wconf 91' lang='lat' dir='ltr'>cum</span> <span class='ocrx_word' id='word_1_161' title='bbox 2031 1706 2113 1748; x_wconf 92' lang='lat' dir='ltr'>per</span> 
     </span>
     <span class='ocr_line' id='line_1_20' title="bbox 482 1760 2111 1819; baseline 0.002 -17"><span class='ocrx_word' id='word_1_162' title='bbox 482 1760 633 1804; x_wconf 88' lang='lat' dir='ltr'>maius</span> <span class='ocrx_word' id='word_1_163' title='bbox 674 1763 892 1818; x_wconf 91' lang='lat' dir='ltr'>temporis</span> <span class='ocrx_word' id='word_1_164' title='bbox 924 1763 1125 1819; x_wconf 90' lang='lat' dir='ltr'>spatium</span> <span class='ocrx_word' id='word_1_165' title='bbox 1156 1763 1266 1806; x_wconf 88' lang='lat' dir='ltr'>foris</span> <span class='ocrx_word' id='word_1_166' title='bbox 1298 1777 1404 1806; x_wconf 90' lang='lat' dir='ltr'>eum</span> <span class='ocrx_word' id='word_1_167' title='bbox 1437 1767 1771 1806; x_wconf 88' lang='lat' dir='ltr'>commoratum</span> <span class='ocrx_word' id='word_1_168' title='bbox 1804 1777 1899 1806; x_wconf 88' lang='lat' dir='ltr'>esse</span> <span class='ocrx_word' id='word_1_169' title='bbox 1929 1776 2111 1806; x_wconf 85' lang='lat' dir='ltr'>necesse</span> 
     </span>
     <span class='ocr_line' id='line_1_21' title="bbox 482 1832 2112 1891; baseline 0.001 -16"><span class='ocrx_word' id='word_1_170' title='bbox 482 1836 610 1875; x_wconf 88' lang='lat' dir='ltr'>esset.</span> <span class='ocrx_word' id='word_1_171' title='bbox 655 1832 789 1884; x_wconf 79' lang='lat' dir='ltr'>Quod</span> <span class='ocrx_word' id='word_1_172' title='bbox 830 1834 1102 1891; x_wconf 86' lang='lat' dir='ltr'>intellegens</span> <span class='ocrx_word' id='word_1_173' title='bbox 1143 1834 1391 1891; x_wconf 87' lang='lat' dir='ltr'>Sophocles</span> <span class='ocrx_word' id='word_1_174' title='bbox 1432 1834 1607 1890; x_wconf 85' lang='lat' dir='ltr'>optimo</span> <span class='ocrx_word' id='word_1_175' title='bbox 1648 1835 1746 1878; x_wconf 91' lang='lat' dir='ltr'>iure</span> <span class='ocrx_word' id='word_1_176' title='bbox 1778 1834 1944 1891; x_wconf 86' lang='lat' dir='ltr'>hymni</span> <span class='ocrx_word' id='word_1_177' title='bbox 1980 1847 2112 1890; x_wconf 88' lang='lat' dir='ltr'>argu-</span> 
     </span>
     <span class='ocr_line' id='line_1_22' title="bbox 481 1903 2111 1962; baseline 0.001 -16"><span class='ocrx_word' id='word_1_178' title='bbox 481 1907 691 1946; x_wconf 91' lang='lat' dir='ltr'>mentum</span> <span class='ocrx_word' id='word_1_179' title='bbox 738 1903 902 1950; x_wconf 88' lang='lat' dir='ltr'>leviter</span> <span class='ocrx_word' id='word_1_180' title='bbox 948 1906 1147 1950; x_wconf 89' lang='lat' dir='ltr'>mutavit</span> <span class='ocrx_word' id='word_1_181' title='bbox 1193 1910 1237 1949; x_wconf 90' lang='lat' dir='ltr'>et</span> <span class='ocrx_word' id='word_1_182' title='bbox 1284 1906 1566 1949; x_wconf 87' lang='lat' dir='ltr'>Mercurium</span> <span class='ocrx_word' id='word_1_183' title='bbox 1611 1905 1707 1948; x_wconf 87' lang='lat' dir='ltr'>iam</span> <span class='ocrx_word' id='word_1_184' title='bbox 1757 1905 1962 1962; x_wconf 91' lang='lat' dir='ltr'>quinque</span> <span class='ocrx_word' id='word_1_185' title='bbox 2015 1905 2111 1949; x_wconf 89' lang='lat' dir='ltr'>dies</span> 
     </span>
     <span class='ocr_line' id='line_1_23' title="bbox 480 1977 1275 2034; baseline 0.005 -17"><span class='ocrx_word' id='word_1_186' title='bbox 480 1979 644 2018; x_wconf 89' lang='lat' dir='ltr'>natum</span> <span class='ocrx_word' id='word_1_187' title='bbox 675 1991 770 2020; x_wconf 91' lang='grc'><strong>6336</strong></span> <span class='ocrx_word' id='word_1_188' title='bbox 802 1980 1076 2034; x_wconf 87' lang='lat' dir='ltr'>spectatores</span> <span class='ocrx_word' id='word_1_189' title='bbox 1107 1977 1275 2021; x_wconf 90' lang='lat' dir='ltr'>docuit.</span> 
     </span>
    </p>

    <p class='ocr_par' dir='ltr' id='par_1_4' title="bbox 480 2047 2110 2246">
     <span class='ocr_line' id='line_1_24' title="bbox 540 2047 2110 2105; baseline 0.001 -16"><span class='ocrx_word' id='word_1_190' title='bbox 540 2047 658 2090; x_wconf 84' lang='lat' dir='ltr'>Satis</span> <span class='ocrx_word' id='word_1_191' title='bbox 689 2052 756 2091; x_wconf 89' lang='lat' dir='ltr'>est</span> <span class='ocrx_word' id='word_1_192' title='bbox 786 2052 948 2105; x_wconf 87' lang='lat' dir='ltr'>aptum</span> <span class='ocrx_word' id='word_1_193' title='bbox 976 2047 1311 2091; x_wconf 90' lang='lat' dir='ltr'>Wilamowitzii</span> <span class='ocrx_word' id='word_1_194' title='bbox 1330 2048 1364 2103; x_wconf 88' lang='lat'>1)</span> <span class='ocrx_word' id='word_1_195' title='bbox 1386 2047 1760 2104; x_wconf 91' lang='lat' dir='ltr'>supplementum</span> <span class='ocrx_word' id='word_1_196' title='bbox 1783 2047 1965 2104; x_wconf 78' lang='grc' dir='ltr'>[γυίοι]σ,</span> <span class='ocrx_word' id='word_1_197' title='bbox 1988 2047 2110 2104; x_wconf 90' lang='lat' dir='ltr'>quod</span> 
     </span>
     <span class='ocr_line' id='line_1_25' title="bbox 482 2118 2110 2176; baseline 0.001 -15"><span class='ocrx_word' id='word_1_198' title='bbox 482 2118 715 2161; x_wconf 90' lang='lat' dir='ltr'>Pearsonii</span> <span class='ocrx_word' id='word_1_199' title='bbox 754 2119 959 2176; x_wconf 83' lang='grc' dir='ltr'><strong>[τύπου]σ</strong></span> <span class='ocrx_word' id='word_1_200' title='bbox 999 2120 1219 2175; x_wconf 88' lang='lat' dir='ltr'>praefero.</span> <span class='ocrx_word' id='word_1_201' title='bbox 1255 2118 1547 2175; x_wconf 88' lang='lat' dir='ltr'>Vollgraffius</span> <span class='ocrx_word' id='word_1_202' title='bbox 1578 2122 1732 2162; x_wconf 87' lang='lat' dir='ltr'>autem</span> <span class='ocrx_word' id='word_1_203' title='bbox 1765 2118 1902 2175; x_wconf 89' lang='lat' dir='ltr'>paulo</span> <span class='ocrx_word' id='word_1_204' title='bbox 1934 2121 2110 2162; x_wconf 74' lang='lat' dir='ltr'>contor-</span> 
     </span>
     <span class='ocr_line' id='line_1_26' title="bbox 480 2190 2109 2246; baseline 0.001 -14"><span class='ocrx_word' id='word_1_205' title='bbox 480 2190 571 2233; x_wconf 87' lang='lat' dir='ltr'>tius</span> <span class='ocrx_word' id='word_1_206' title='bbox 612 2190 955 2235; x_wconf 87' lang='lat' dir='ltr'>nominativum</span> <span class='ocrx_word' id='word_1_207' title='bbox 997 2191 1293 2243; x_wconf 66' lang='grc' dir='ltr'><em>ἓκπεφασμένοσ</em></span> <span class='ocrx_word' id='word_1_208' title='bbox 1334 2190 1539 2233; x_wconf 89' lang='lat' dir='ltr'>absolute</span> <span class='ocrx_word' id='word_1_209' title='bbox 1582 2190 1783 2246; x_wconf 83' lang='lat' dir='ltr'>positum</span> <span class='ocrx_word' id='word_1_210' title='bbox 1814 2203 1909 2233; x_wconf 89' lang='lat' dir='ltr'>esse</span> <span class='ocrx_word' id='word_1_211' title='bbox 1941 2193 2109 2246; x_wconf 84' lang='lat' dir='ltr'>putans</span> 
     </span>
    </p>
   </div>
   <div class='ocr_carea' id='block_1_3' title="bbox 480 2261 1368 2319">
    <p class='ocr_par' dir='ltr' id='par_1_5' title="bbox 480 2261 1368 2319">
     <span class='ocr_line' id='line_1_27' title="bbox 480 2261 1368 2319; baseline -0.002 -15"><span class='ocrx_word' id='word_1_212' title='bbox 480 2275 586 2304; x_wconf 92' lang='lat' dir='ltr'>cum</span> <span class='ocrx_word' id='word_1_213' title='bbox 615 2261 795 2305; x_wconf 89' lang='lat' dir='ltr'>Huntio</span> <span class='ocrx_word' id='word_1_214' title='bbox 828 2262 1008 2306; x_wconf 89' lang='lat' dir='ltr'>mavult</span> <span class='ocrx_word' id='word_1_215' title='bbox 1039 2262 1197 2319; x_wconf 83' lang='grc' dir='ltr'><strong>[ἰσχὺ]σ</strong></span> <span class='ocrx_word' id='word_1_216' title='bbox 1226 2261 1368 2316; x_wconf 66' lang='grc' dir='ltr'>ἐρείδει.</span> 
     </span>
    </p>
   </div>
   <div class='ocr_carea' id='block_1_4' title="bbox 478 2403 2109 2744">
    <p class='ocr_par' dir='ltr' id='par_1_6' title="bbox 478 2403 2109 2744">
     <span class='ocr_line' id='line_1_28' title="bbox 538 2403 2108 2461; baseline -0.002 -13"><span class='ocrx_word' id='word_1_217' title='bbox 538 2403 642 2450; x_wconf 81' lang='grc'><strong>276.</strong></span> <span class='ocrx_word' id='word_1_218' title='bbox 675 2404 801 2447; x_wconf 85' lang='grc' dir='ltr'><strong>Ι11316</strong></span> <span class='ocrx_word' id='word_1_219' title='bbox 830 2404 1045 2461; x_wconf 90' lang='lat' dir='ltr'>superbia</span> <span class='ocrx_word' id='word_1_220' title='bbox 1075 2403 1389 2447; x_wconf 85' lang='lat' dir='ltr'>laudationem</span> <span class='ocrx_word' id='word_1_221' title='bbox 1423 2403 1611 2461; x_wconf 85' lang='lat' dir='ltr'>Cyllene</span> <span class='ocrx_word' id='word_1_222' title='bbox 1643 2403 1705 2446; x_wconf 89' lang='grc'>316</span> <span class='ocrx_word' id='word_1_223' title='bbox 1728 2403 1982 2447; x_wconf 87' lang='lat' dir='ltr'>concludit:</span> <span class='ocrx_word' id='word_1_224' title='bbox 2010 2403 2108 2457; x_wconf 85' lang='lat' dir='ltr'>„En</span> 
     </span>
     <span class='ocr_line' id='line_1_29' title="bbox 479 2473 2108 2532; baseline 0 -15"><span class='ocrx_word' id='word_1_225' title='bbox 479 2474 582 2518; x_wconf 89' lang='lat' dir='ltr'>talis</span> <span class='ocrx_word' id='word_1_226' title='bbox 629 2479 696 2519; x_wconf 89' lang='lat' dir='ltr'>est</span> <span class='ocrx_word' id='word_1_227' title='bbox 741 2490 872 2519; x_wconf 90' lang='lat' dir='ltr'>meus</span> <span class='ocrx_word' id='word_1_228' title='bbox 913 2476 1141 2529; x_wconf 91' lang='lat' dir='ltr'>alumnus,</span> <span class='ocrx_word' id='word_1_229' title='bbox 1185 2475 1264 2532; x_wconf 92' lang='lat' dir='ltr'>qui</span> <span class='ocrx_word' id='word_1_230' title='bbox 1306 2475 1392 2518; x_wconf 86' lang='lat' dir='ltr'>hoc</span> <span class='ocrx_word' id='word_1_231' title='bbox 1433 2475 1518 2518; x_wconf 90' lang='lat' dir='ltr'>sub</span> <span class='ocrx_word' id='word_1_232' title='bbox 1559 2478 1714 2518; x_wconf 89' lang='lat' dir='ltr'>monte</span> <span class='ocrx_word' id='word_1_233' title='bbox 1747 2474 1957 2518; x_wconf 89' lang='lat' dir='ltr'>conditus</span> <span class='ocrx_word' id='word_1_234' title='bbox 1987 2473 2108 2518; x_wconf 86' lang='lat' dir='ltr'>est!&#39;&#39;</span> 
     </span>
     <span class='ocr_line' id='line_1_30' title="bbox 479 2545 2109 2606; baseline -0.001 -17"><span class='ocrx_word' id='word_1_235' title='bbox 479 2546 582 2589; x_wconf 90' lang='lat' dir='ltr'>Non</span> <span class='ocrx_word' id='word_1_236' title='bbox 614 2550 931 2606; x_wconf 31' lang='lat' dir='ltr'>tam&#39;propter</span> <span class='ocrx_word' id='word_1_237' title='bbox 962 2548 1160 2590; x_wconf 89' lang='lat' dir='ltr'>formam</span> <span class='ocrx_word' id='word_1_238' title='bbox 1183 2546 1232 2604; x_wconf 79' lang='lat'>2),</span> <span class='ocrx_word' id='word_1_239' title='bbox 1265 2560 1406 2603; x_wconf 87' lang='lat' dir='ltr'>quam</span> <span class='ocrx_word' id='word_1_240' title='bbox 1438 2546 1559 2602; x_wconf 89' lang='lat' dir='ltr'>quod</span> <span class='ocrx_word' id='word_1_241' title='bbox 1592 2546 1746 2589; x_wconf 84' lang='lat' dir='ltr'>infans</span> <span class='ocrx_word' id='word_1_242' title='bbox 1778 2546 1854 2589; x_wconf 91' lang='lat' dir='ltr'>ille</span> <span class='ocrx_word' id='word_1_243' title='bbox 1883 2545 2109 2602; x_wconf 90' lang='lat' dir='ltr'>pretiosis-</span> 
     </span>
     <span class='ocr_line' id='line_1_31' title="bbox 478 2615 2107 2673; baseline -0.001 -13"><span class='ocrx_word' id='word_1_244' title='bbox 478 2617 622 2660; x_wconf 89' lang='lat' dir='ltr'>simus</span> <span class='ocrx_word' id='word_1_245' title='bbox 667 2617 731 2661; x_wconf 88' lang='lat' dir='ltr'>ibi</span> <span class='ocrx_word' id='word_1_246' title='bbox 779 2622 1050 2672; x_wconf 89' lang='lat' dir='ltr'>asservatur,</span> <span class='ocrx_word' id='word_1_247' title='bbox 1098 2632 1230 2661; x_wconf 89' lang='lat' dir='ltr'>mons</span> <span class='ocrx_word' id='word_1_248' title='bbox 1271 2618 1477 2672; x_wconf 79' lang='grc' dir='ltr'><em>θησαυρόσ</em></span> <span class='ocrx_word' id='word_1_249' title='bbox 1516 2631 1641 2660; x_wconf 90' lang='grc'><strong>1111116</strong></span> <span class='ocrx_word' id='word_1_250' title='bbox 1684 2620 1886 2661; x_wconf 90' lang='lat' dir='ltr'>vocatur.</span> <span class='ocrx_word' id='word_1_251' title='bbox 1929 2615 2107 2673; x_wconf 86' lang='lat' dir='ltr'>Ecquid</span> 
     </span>
     <span class='ocr_line' id='line_1_32' title="bbox 478 2689 1142 2744; baseline -0.002 -11"><span class='ocrx_word' id='word_1_252' title='bbox 478 2693 678 2744; x_wconf 76' lang='lat' dir='ltr'>praestat</span> <span class='ocrx_word' id='word_1_253' title='bbox 710 2689 823 2730; x_wconf 72' lang='grc' dir='ltr'><em>παῖδ’</em></span> <span class='ocrx_word' id='word_1_254' title='bbox 855 2691 875 2730; x_wconf 86' lang='grc' dir='ltr'><strong>ὁ</strong></span> <span class='ocrx_word' id='word_1_255' title='bbox 907 2689 1142 2744; x_wconf 71' lang='grc' dir='ltr'><strong><em>θησαυρόσΫ</em></strong></span> 
     </span>
    </p>
   </div>
   <div class='ocr_carea' id='block_1_5' title="bbox 537 2817 2107 2877">
    <p class='ocr_par' dir='ltr' id='par_1_7' title="bbox 537 2817 2107 2877">
     <span class='ocr_line' id='line_1_33' title="bbox 537 2817 2107 2877; baseline -0.001 -16"><span class='ocrx_word' id='word_1_256' title='bbox 537 2819 638 2864; x_wconf 85' lang='grc'><strong>277.</strong></span> <span class='ocrx_word' id='word_1_257' title='bbox 671 2819 947 2877; x_wconf 68' lang='grc' dir='ltr'>[δυσεύρε]τόσ</span> <span class='ocrx_word' id='word_1_258' title='bbox 978 2819 1038 2876; x_wconf 68' lang='grc' dir='ltr'>[τ’</span> <span class='ocrx_word' id='word_1_259' title='bbox 1070 2818 1150 2876; x_wconf 62' lang='grc' dir='ltr'>ἔτ]</span> <span class='ocrx_word' id='word_1_260' title='bbox 1182 2820 1262 2859; x_wconf 65' lang='grc' dir='ltr'>ἐστὶ</span> <span class='ocrx_word' id='word_1_261' title='bbox 1295 2825 1367 2860; x_wconf 83' lang='grc' dir='ltr'>τοῦ</span> <span class='ocrx_word' id='word_1_262' title='bbox 1396 2820 1552 2871; x_wconf 80' lang='grc' dir='ltr'><strong><em>πατρὸσ</em></strong></span> <span class='ocrx_word' id='word_1_263' title='bbox 1580 2819 1698 2869; x_wconf 66' lang='grc' dir='ltr'><strong><em>θέσει,</em></strong></span> <span class='ocrx_word' id='word_1_264' title='bbox 1721 2818 1809 2862; x_wconf 84' lang='lat' dir='ltr'>nisi</span> <span class='ocrx_word' id='word_1_265' title='bbox 1832 2817 1978 2862; x_wconf 81' lang='lat' dir='ltr'>mavis</span> <span class='ocrx_word' id='word_1_266' title='bbox 1999 2831 2107 2861; x_wconf 83' lang='lat' dir='ltr'>cum</span> 
     </span>
    </p>
   </div>
   <div class='ocr_carea' id='block_1_6' title="bbox 478 2905 593 2910">
    <p class='ocr_par' dir='ltr' id='par_1_8' title="bbox 478 2905 593 2910">
     <span class='ocr_line' id='line_1_34' title="bbox 478 2905 593 2910; baseline 0 0"><span class='ocrx_word' id='word_1_267' title='bbox 478 2905 593 2910; x_wconf 95' lang='lat' dir='ltr'> </span> 
     </span>
    </p>
   </div>
   <div class='ocr_carea' id='block_1_7' title="bbox 530 2945 2105 2995">
    <p class='ocr_par' dir='ltr' id='par_1_9' title="bbox 530 2945 2105 2995">
     <span class='ocr_line' id='line_1_35' title="bbox 530 2945 2105 2995; baseline -0.002 -11"><span class='ocrx_word' id='word_1_268' title='bbox 530 2950 562 2994; x_wconf 89' lang='lat'>¹)</span> <span class='ocrx_word' id='word_1_269' title='bbox 601 2948 834 2985; x_wconf 86' lang='lat' dir='ltr'>Sonderabd.</span> <span class='ocrx_word' id='word_1_270' title='bbox 873 2959 958 2995; x_wconf 81' lang='lat' dir='ltr'>pag.</span> <span class='ocrx_word' id='word_1_271' title='bbox 990 2947 1046 2983; x_wconf 64' lang='lat'>6²2</span> <span class='ocrx_word' id='word_1_272' title='bbox 1083 2947 1169 2992; x_wconf 86' lang='lat' dir='ltr'>„ein</span> <span class='ocrx_word' id='word_1_273' title='bbox 1203 2947 1312 2982; x_wconf 83' lang='lat' dir='ltr'>rasch</span> <span class='ocrx_word' id='word_1_274' title='bbox 1347 2947 1595 2982; x_wconf 87' lang='lat' dir='ltr'>wachsender</span> <span class='ocrx_word' id='word_1_275' title='bbox 1627 2947 1750 2993; x_wconf 87' lang='lat' dir='ltr'>Junge</span> <span class='ocrx_word' id='word_1_276' title='bbox 1783 2947 1902 2993; x_wconf 82' lang='lat' dir='ltr'>pssegt</span> <span class='ocrx_word' id='word_1_277' title='bbox 1935 2946 2009 2981; x_wconf 86' lang='lat' dir='ltr'>mit</span> <span class='ocrx_word' id='word_1_278' title='bbox 2033 2945 2105 2982; x_wconf 86' lang='lat' dir='ltr'>den</span> 
     </span>
    </p>
   </div>
   <div class='ocr_carea' id='block_1_8' title="bbox 477 3006 2106 3112">
    <p class='ocr_par' dir='ltr' id='par_1_10' title="bbox 477 3006 2106 3112">
     <span class='ocr_line' id='line_1_36' title="bbox 477 3006 1692 3043; baseline 0 0"><span class='ocrx_word' id='word_1_279' title='bbox 477 3011 619 3043; x_wconf 86' lang='lat' dir='ltr'>Armen</span> <span class='ocrx_word' id='word_1_280' title='bbox 648 3007 725 3043; x_wconf 88' lang='lat' dir='ltr'>und</span> <span class='ocrx_word' id='word_1_281' title='bbox 753 3007 897 3043; x_wconf 87' lang='lat' dir='ltr'>Beinen</span> <span class='ocrx_word' id='word_1_282' title='bbox 923 3007 991 3042; x_wconf 84' lang='lat' dir='ltr'>das</span> <span class='ocrx_word' id='word_1_283' title='bbox 1018 3007 1094 3042; x_wconf 87' lang='lat' dir='ltr'>Ziel</span> <span class='ocrx_word' id='word_1_284' title='bbox 1120 3018 1183 3042; x_wconf 84' lang='lat' dir='ltr'>am</span> <span class='ocrx_word' id='word_1_285' title='bbox 1202 3006 1358 3042; x_wconf 80' lang='lat' dir='ltr'>ehesten</span> <span class='ocrx_word' id='word_1_286' title='bbox 1386 3017 1432 3041; x_wconf 92' lang='lat' dir='ltr'>zu</span> <span class='ocrx_word' id='word_1_287' title='bbox 1458 3006 1692 3043; x_wconf 87' lang='lat' dir='ltr'>erreichen.⁷&#39;</span> 
     </span>
     <span class='ocr_line' id='line_1_37' title="bbox 528 3063 2106 3112; baseline -0.001 -10"><span class='ocrx_word' id='word_1_288' title='bbox 528 3067 564 3112; x_wconf 88' lang='lat'>²)</span> <span class='ocrx_word' id='word_1_289' title='bbox 591 3067 650 3102; x_wconf 89' lang='lat' dir='ltr'>Sic</span> <span class='ocrx_word' id='word_1_290' title='bbox 674 3067 769 3102; x_wconf 86' lang='lat' dir='ltr'>Jane</span> <span class='ocrx_word' id='word_1_291' title='bbox 795 3067 902 3102; x_wconf 90' lang='lat' dir='ltr'>Ellen</span> <span class='ocrx_word' id='word_1_292' title='bbox 930 3067 1111 3102; x_wconf 78' lang='lat' dir='ltr'>Harrison</span> <span class='ocrx_word' id='word_1_293' title='bbox 1138 3066 1177 3102; x_wconf 90' lang='lat' dir='ltr'>in</span> <span class='ocrx_word' id='word_1_294' title='bbox 1201 3066 1313 3110; x_wconf 82' lang='lat' dir='ltr'>libro,</span> <span class='ocrx_word' id='word_1_295' title='bbox 1338 3065 1398 3100; x_wconf 89' lang='lat' dir='ltr'>cui</span> <span class='ocrx_word' id='word_1_296' title='bbox 1424 3070 1483 3100; x_wconf 82' lang='lat' dir='ltr'>est</span> <span class='ocrx_word' id='word_1_297' title='bbox 1509 3065 1650 3101; x_wconf 87' lang='lat' dir='ltr'>titulus</span> <span class='ocrx_word' id='word_1_298' title='bbox 1680 3065 1818 3112; x_wconf 86' lang='lat' dir='ltr'>Essays</span> <span class='ocrx_word' id='word_1_299' title='bbox 1846 3064 1922 3100; x_wconf 82' lang='lat' dir='ltr'>and</span> <span class='ocrx_word' id='word_1_300' title='bbox 1951 3063 2106 3100; x_wconf 80' lang='lat' dir='ltr'>Studies</span> 
     </span>
    </p>
   </div>
   <div class='ocr_carea' id='block_1_9' title="bbox 477 3123 1578 3172">
    <p class='ocr_par' dir='ltr' id='par_1_11' title="bbox 477 3123 1578 3172">
     <span class='ocr_line' id='line_1_38' title="bbox 477 3123 1578 3172; baseline 0 -11"><span class='ocrx_word' id='word_1_301' title='bbox 477 3126 679 3172; x_wconf 84' lang='lat' dir='ltr'>presented</span> <span class='ocrx_word' id='word_1_302' title='bbox 708 3130 745 3161; x_wconf 88' lang='lat' dir='ltr'>to</span> <span class='ocrx_word' id='word_1_303' title='bbox 774 3126 945 3162; x_wconf 84' lang='lat' dir='ltr'>William</span> <span class='ocrx_word' id='word_1_304' title='bbox 971 3126 1192 3172; x_wconf 61' lang='lat' dir='ltr'>Ridgewav,</span> <span class='ocrx_word' id='word_1_305' title='bbox 1218 3124 1447 3170; x_wconf 85' lang='lat' dir='ltr'>Cambridge</span> <span class='ocrx_word' id='word_1_306' title='bbox 1474 3123 1578 3161; x_wconf 84' lang='lat'>1914.</span> 
     </span>
    </p>
   </div>
   <div class='ocr_carea' id='block_1_10' title="bbox 2171 0 2274 413">
    <p class='ocr_par' dir='ltr' id='par_1_12' title="bbox 2171 0 2274 413">
     <span class='ocr_line' id='line_1_39' title="bbox 2171 0 2274 413; baseline 0 3337"><span class='ocrx_word' id='word_1_307' title='bbox 2171 0 2274 413; x_wconf 95' lang='lat' dir='ltr'> </span> 
     </span>
    </p>
   </div>
   <div class='ocr_carea' id='block_1_11' title="bbox 2267 415 2274 626">
    <p class='ocr_par' dir='ltr' id='par_1_13' title="bbox 2267 415 2274 626">
     <span class='ocr_line' id='line_1_40' title="bbox 2267 415 2274 626; textangle 90"><span class='ocrx_word' id='word_1_308' title='bbox 2268 611 2274 626; x_wconf 67' lang='grc'>.-</span> <span class='ocrx_word' id='word_1_309' title='bbox 2271 570 2274 585; x_wconf 74' lang='lat'>-</span> <span class='ocrx_word' id='word_1_310' title='bbox 2268 486 2274 549; x_wconf 44' lang='lat' dir='ltr'>..h-„⁴</span> <span class='ocrx_word' id='word_1_311' title='bbox 2267 415 2274 482; x_wconf 44' lang='grc' dir='ltr'>μη.-</span> 
     </span>
    </p>
   </div>
  </div>
 </body>
</html>
