2274 3750
879 343 1114 387 „13-

181 472 400 529 temporis
429 473 630 530 spatium
662 473 955 527 intercedere,
987 473 1100 517 dum
1128 472 1278 530 Satyri
1299 472 1544 516 ὀκλάσαντεσ
1564 474 1810 531 diligenter

180 542 460 600 investigant
489 544 588 587 iure
619 543 880 589 observavit
911 545 1351 600 Wilamowitziusl).

237 695 447 743 94—118.
478 697 606 750 Quae
637 698 832 755 vestigia
863 698 1012 755 Satyri
1050 699 1336 755 agnoverint.

237 767 295 812 In
340 768 497 813 fabula
541 770 750 826 satyrica,
795 771 993 826 Ἰχνευταί
1039 784 1156 827 quae
1188 770 1356 814 dicitur
1385 771 1533 827 ipsam
1564 771 1812 828 investiga-

178 839 352 883 tionem
382 839 676 897 amplissimis
707 840 858 884 verbis
890 855 985 884 esse
1017 841 1291 898 descriptam
1326 845 1371 884 et
1401 842 1560 899 utique
1592 843 1713 886 inter
1734 857 1810 885 eas

178 923 250 954 res
288 910 562 965 habendam,
605 911 661 954 de
704 911 871 968 quibus
902 912 1097 955 strictim
1129 913 1202 968 agi
1235 925 1329 955 non
1360 913 1512 969 possit,
1545 927 1682 957 nemo
1714 927 1807 956 non

143 981 415 1039 'intellegit,
462 983 731 1039 praesertim
777 997 883 1026 cum
931 983 1087 1026 videat-
1129 987 1174 1026 et
1213 983 1443 1040 hymnum
1475 984 1691 1027 Mercurii
1722 984 1808 1027 hac

176 1052 234 1096 de
254 1067 302 1096 re
323 1052 524 1110 plurima
545 1052 677 1097 nobis
699 1054 875 1115 offerre,
895 1067 1026 1110 quae,
1040 1055 1257 1110 quamvis
1277 1054 1502 1108 intricata,
1526 1056 1584 1098 ad
1605 1059 1808 1098 nostram

175 1123 378 1168 fabulam
427 1122 748 1181 explicandam
795 1124 887 1167 sint
932 1124 1190 1168 utilissima.
1241 1126 1523 1182 Incipiamus
1569 1126 1710 1183 igitur
1750 1126 1808 1169 ab

175 1194 352 1252 hymno
393 1198 439 1238 et
478 1210 636 1240 versus
677 1196 733 1238 ad
776 1195 1179 1251 investigationem
1210 1197 1494 1254 vestigiaque
1526 1198 1806 1254 pertinentes

176 1265 368 1309 citemus
385 1266 442 1324 2);

180 1366 183 1367 ⁷
235 1334 306 1383 75,
339 1336 576 1380 Πλανοδίασ
606 1336 794 1392 δ’ἤλαυνε
823 1337 890 1380 διὰ
924 1338 1185 1392 ψαμαθώδεα
1217 1347 1353 1394 χῶρον,

338 1408 431 1465 ἴχνι’
452 1408 488 1466 3)
521 1410 797 1463 ἀποστρέψασ·
831 1408 968 1464 δολίησ
998 1408 1036 1450 δ’
1062 1411 1110 1451 οὐ
1142 1409 1290 1463 λήθετο
1323 1410 1477 1466 τέχνησ,

337 1481 460 1522 ἀντία
490 1481 661 1534 ποιήσασ
691 1479 836 1532 ὁπλάσ,
870 1481 947 1521 rem
977 1481 1154 1535 πρόσθεν
1183 1481 1365 1532 ὄπισθεν,

338 1552 415 1592 τὰσ
444 1550 482 1592 δ’
513 1551 658 1593 ὄπιθεν
686 1552 878 1605 πρόσθεν·
910 1553 1015 1593 κατὰ
1047 1550 1084 1592 δ’
1116 1550 1291 1604 ἔμπαλιν
1322 1553 1448 1592 αὐτὸσ
1478 1551 1621 1608 ἔβαινε.

335 1620 520 1664 σάνδαλα
550 1621 738 1664 δἀὐτίκα
769 1624 883 1677 ῥιψὶν
913 1623 978 1663 ἐπὶ
1013 1623 1229 1676 ψαμάθοισ
1259 1621 1431 1677 ἁλίηισιν

336 1692 508 1746 ἄφραστ’
540 1692 603 1747 ἠδ’
635 1694 790 1748 ἀνόητα
822 1692 1009 1744 διέπλεκε,
1042 1695 1243 1746 θαυματὰ
1274 1692 1368 1748 ἔργα
1399 1693 1486 1736 κτλ.

173 1797 280 1843 Tria
324 1799 400 1842 hic
446 1799 736 1856 agnoscimus
781 1800 987 1854 artificia,
1037 1813 1156 1857 quae
1198 1800 1395 1843 Hermes
1435 1800 1493 1842 ad
1536 1799 1801 1856 Apollinem

172 1859 427 1914 fallendum
457 1870 691 1914 adhibuit:

232 1941 293 1985 1⁰.
337 1940 562 1983 πλανοδίασ
591 1967 649 1973 -
681 1942 956 1996 ἀποστρέψασ.
999 1942 1145 1986 Boves
1176 1942 1490 1997 circumducit,
1524 1946 1575 1985 ut
1610 1942 1802 1998 vestigia

172 2012 308 2056 modo
339 2012 431 2056 huc
462 2013 598 2056 modo
629 2012 740 2056 illuc
771 2027 902 2057 versa
933 2013 1054 2056 inter
1074 2027 1120 2056 se
1144 2013 1499 2067 confundantur,
1527 2013 1662 2070 „they
1683 2027 1799 2056 were

171 2083 335 2128 driven
365 2083 426 2141 by
458 2083 653 2127 crooked
684 2083 848 2140 ways.’'
879 2083 1035 2141 (Allen
1058 2084 1148 2127 and
1172 2083 1348 2139 Sikes.).
1371 2084 1637 2127 Rectissime
1659 2084 1800 2140 igitur

172 2153 449 2211 Koettgenia
477 2154 540 2198 l.l.
572 2169 675 2212 pag.
708 2155 765 2198 49
797 2155 852 2198 de
886 2169 994 2199 voce
1027 2153 1250 2196 πλανοδίασ
1281 2154 1511 2199 observat:
1550 2155 1728 2209 „Poeta‚
1751 2156 1799 2198 ni

170 2224 316 2280 fallor,
347 2224 488 2270 verbo
519 2224 743 2268 πλανοδίασ
772 2226 957 2283 proprio
988 2240 1124 2269 sensu
1156 2240 1265 2268 usus
1296 2225 1631 2269 aberrationem
1658 2240 1799 2284 quan-

170 2295 278 2339 dam
309 2311 337 2340 a
367 2300 491 2340 recta
522 2297 597 2341 via
628 2296 909 2354 designavit;
938 2311 1044 2340 cum
1067 2296 1218 2351 πλάνη,
1240 2295 1475 2349 πλανάομαι
1496 2297 1616 2340 hanc
1639 2311 1798 2341 vocem

171 2366 410 2411 cohaerere
451 2367 642 2412 Schulze
674 2367 872 2411 docuit.'’
905 2368 1032 2420 Quae
1063 2371 1220 2411 autem
1251 2367 1401 2411 addit:
1439 2367 1511 2421 „id
1544 2372 1611 2411 est
1641 2369 1797 2413 dever-

170 2437 322 2492 ticula,
369 2438 575 2482 tramites
620 2442 813 2482 secretos
859 2442 904 2482 et
944 2438 1155 2493 occultos,
1188 2452 1269 2495 per
1301 2452 1413 2495 quos
1444 2439 1567 2482 fures
1598 2432 1797 2495 effugere

169 2508 344 2552 solent''
374 2523 402 2552 a
432 2510 616 2566 propria
648 2510 771 2553 vocis
801 2509 1133 2566 significatione
1165 2523 1348 2566 prorsus
1383 2509 1534 2561 aliena
1564 2509 1795 2554 videntur.

227 2579 321 2635 ἴχνι’
362 2581 624 2635 ἆποστρέψασ
653 2580 772 2623 nihil
802 2580 929 2623 aliud
960 2579 1046 2623 sibi
1077 2580 1195 2624 velle
1228 2580 1315 2623 nisi
1351 2579 1513 2636 „pedes
1543 2584 1664 2623 retro
1695 2581 1795 2624 flec-

121 2678 125 2684 .
169 2653 282 2705 tene,
314 2653 434 2694 retro
465 2651 710 2707 torquens''
742 2651 903 2694 eadem
934 2651 1170 2694 contendit
1200 2665 1303 2708 pag.
1335 2651 1404 2704 48,
1428 2651 1733 2705 committenS,
1757 2652 1794 2694 si

169 2721 279 2780 quid
326 2721 471 2775 video,
519 2722 718 2765 eundem
762 2736 973 2777 errorem,
1007 2736 1146 2779 quem
1178 2721 1301 2778 apud
1332 2721 1480 2766 Schol.
1515 2722 1651 2766 Arist.
1687 2722 1793 2768 Pac.

220 2933 254 2980 ¹)
278 2933 606 2971 Sonderabdruck.
632 2946 717 2982 pag.
742 2934 783 2971 8.

218 2993 252 3036 ¹)
288 2993 373 3029 Cito
410 3004 455 3029 ex
491 2993 660 3029 editione
693 2993 893 3029 Sikesiana
925 2993 1052 3040 (Allcn
1080 2993 1154 3028 and
1180 2993 1299 3028 Sikes.
1325 2993 1403 3028 'lhc
1431 2993 1606 3028 nomm-ic
1635 2961 1792 3040 ffinnns.

169 3051 323 3087 London
347 3051 468 3099 1904).

220 3111 250 3154 ³)
275 3110 365 3148 Cod.
389 3113 483 3158 ἴχνη,
508 3113 592 3157 ἴχνι’
618 3112 827 3148 Hermann.
854 3112 1032 3147 Praefero
1056 3113 1140 3157 ‘²2¹²’
1166 3111 1213 3148 cf.
1241 3111 1349 3147 Hom.
1375 3111 1408 3147 N
1434 3111 1492 3156 71,
1518 3127 1536 3146 τ
1560 3111 1644 3148 436.
