2274 3750
1181 344 1411 387 -54-

703 475 752 513 σὺ
784 473 820 513 δ’
852 470 943 516 ἀντὶ
975 473 1099 516 τῶνδε
1130 475 1184 527 μὴ
1215 472 1327 528 χαλε-

704 549 829 597 φθῆισ
859 546 941 598 ἐμοὶ
974 544 1014 586 δὲ
1047 544 1330 599 δ-υσφορηθῆισ.
1354 545 1387 597 1)

542 637 635 682 321.
667 638 738 680 EX
761 639 1081 695 Aristophanis
1103 640 1206 695 LyS.
1225 654 1289 683 VS.
1309 639 1365 681 84
1382 635 1499 694 ἇιπερ
1515 641 1648 694 ἱερεῖον
1667 640 1731 680 τοί
1746 643 1790 691 μ’
1803 637 2112 691 ὑποψαλάσσετε

483 713 526 751 et
568 709 773 752 eiusdem
813 709 996 753 fabulae
1038 725 1102 754 vs.
1146 710 1232 753 275
1273 711 1354 751 ἐπεὶ
1397 709 1487 751 οὐδὲ
1531 708 1787 764 Κλεομένησ.
1824 744 1831 751 .
1868 744 1877 752 .
1926 707 2113 762 ἀπῆλθεν

483 778 727 832 ἀψάλακτοσ
746 780 780 835 2)
836 785 1026 837 apparet
1084 780 1301 835 ψαλάσσειν
1347 781 1471 824 idem
1518 795 1612 824 esse
1659 795 1711 823 ac
1763 778 2110 834 „contrectare''‚

488 851 742 907 ‚,tangere'',
781 852 904 908 quod
936 852 1129 896 verbum
1161 857 1206 895 et
1237 852 1292 896 de
1324 851 1491 895 fidibus
1521 852 1828 908 percutiendis
1860 851 1949 895 dici
1982 865 2111 908 posse

484 922 686 979 Lycoph.
739 923 871 967 Alex.
926 924 1011 966 139
1063 925 1201 979 τοιγὰρ
1248 922 1448 977 ψαλάξεισ
1501 925 1557 964 εἰσ
1607 925 1718 965 κενὸν
1769 930 1912 977 νευρᾶσ
1957 923 2113 964 κτύπον

484 993 778 1037 demonstrat.
804 995 924 1051 Ergo
951 995 1123 1052 optime
1146 995 1520 1039 Wilarnowitzius
1537 994 1768 1051 supplevit
1790 992 2115 1048 ἂπροψάλακτοσ

483 1066 511 1109 i.
546 1080 582 1108 e.
629 1079 754 1108 sonu-3
799 1066 973 1109 antehac
1017 1080 1255 1123 numquam
1279 1065 1441 1122 fidibus
1487 1066 1645 1119 electus,
1691 1066 1745 1108 cf.
1789 1063 2114 1118 ἀπροφύλακτοσ.

483 1136 745 1180 Murravius
776 1136 1012 1193 proposuit
1041 1135 1368 1190 ὀρθοψάλακτοσ,
1403 1136 1525 1192 quod
1558 1136 1613 1178 de
1645 1150 1755 1178 sono
1782 1139 1928 1190 acuto,
1951 1139 2114 1192 arguto

483 1206 573 1250 dici
595 1221 724 1263 posse
747 1222 905 1250 omnes
920 1211 1022 1264 post
1039 1207 1273 1250 Huntium
1289 1207 1674 1264 interpretatores,
1694 1206 1925 1249 immerito
1943 1210 2113 1259 tamen,

485 1278 571 1320 nisi
593 1278 738 1332 fallor,
753 1279 1051 1322 contendunt.
1065 1278 1186 1321 Nam
1208 1281 1331 1333 ὀρθο-
1348 1293 1429 1335 pro
1447 1280 1576 1331 ὀρθιο-
1593 1277 1854 1321 adhibitum
1871 1291 2114 1334 nusquam,

484 1350 606 1406 quod
629 1350 782 1404 sciam,
801 1350 997 1393 occurrit
1013 1364 1096 1393 nec
1118 1349 1269 1392 lucem
1291 1350 1424 1393 affert
1446 1363 1510 1392 vs.
1536 1349 1633 1402 249,
1657 1349 1737 1392 ubi
1754 1349 1865 1405 quid
1887 1348 2113 1404 significet

485 1421 765 1464 adiectivum
806 1420 1123 1474 ὀρθοψάλακτοσ
1144 1421 1192 1474 3),
1232 1419 1448 1477 gravibus
1485 1424 1637 1463 textus
1668 1419 1845 1463 lacunis
1886 1434 1980 1462 non
2021 1419 2115 1462 iam

488 1493 626 1535 statui
658 1495 819 1549 potest.

545 1572 745 1618 κατοιχνεῖ
773 1564 902 1605 τόπου
931 1577 985 1600 Ξ
1015 1565 1135 1618 οἶχνεῖ
1164 1564 1269 1603 κατὰ
1301 1563 1442 1614 τόπου,
1480 1562 1589 1615 „sub
1621 1563 1716 1605 solo
1747 1561 2003 1619 personat.''

545 1635 680 1690 οἶχνὲω
716 1648 769 1671 z
809 1634 976 1689 οἴχομαι.
1025 1634 1162 1677 Redit
1208 1633 1403 1677 ver-bum
1449 1634 1603 1690 epicae
1647 1633 1832 1689 linguae
1879 1633 2117 1690 proprium

486 1706 623 1762 Soph.
668 1705 794 1749 Aiao.
838 1706 924 1748 564
966 1703 1158 1760 τηλωπὸσ
1198 1707 1327 1760 οἷχνεῖ,
1371 1705 1574 1758 δυσμενῶν
1615 1705 1746 1758 θήραν
1783 1703 1896 1759 ἔχων,
1929 1704 1998 1747 El.
2033 1703 2117 1747 165

488 1779 605 1832 οἰχνῶ
651 1776 813 1830 δάκρυσι
859 1775 1052 1830 μυδαλέα,
1103 1777 1187 1819 312
1235 1790 1299 1833 sq.
1342 1778 1397 1830 μὴ
1428 1775 1529 1817 δόκει
1560 1780 1602 1829 μ’
1635 1775 1687 1818 ἂν
1722 1775 1725 1833 fl
1761 1781 1930 1829 θυραῖον
1961 1776 2116 1830 οἰχνεῖν,

487 1849 609 1905 apud
642 1847 853 1904 Aeschyl.
888 1847 1021 1891 Eum.
1057 1848 1155 1901 315,
1190 1847 1340 1891 Prom.
1376 1848 1473 1890 122.

547 1978 650 2023 322.
684 1979 873 2032 πρεπτόσ,
906 1981 1011 2034 apte
1044 1978 1334 2031 conveniens,
1373 1991 1630 2033 congruens
1661 1978 1675 2033 (
1709 1977 1763 2020 cf.
1788 1977 1958 2033 πρέπει).
1982 1975 2120 2019 Redit

487 2050 565 2092 Ar.
599 2049 703 2105 Lys.
739 2049 852 2091 1298
889 2050 1070 2102 πρεπτὸν
1107 2049 1203 2101 ἁμὶν
1240 2047 1370 2090 κλέωὰ
1406 2050 1476 2090 τὸν
1513 2046 1736 2101 Ἀμύκλαισ
1771 2048 1867 2098 σιόν,
1906 2046 2118 2103 Aeschyl.

488 2120 732 2163 Eumenid.
767 2120 853 2163 914
886 2127 1076 2173 πρεπτῶν
1109 2120 1289 2170 ἀγώνων.

548 2191 765 2234 Nostrum
812 2191 870 2234 ad
911 2191 1065 2234 locum
1107 2190 1231 2233 haud
1273 2189 1411 2234 dubie
1453 2190 1603 2243 refert,
1642 2192 1695 2232 ut
1740 2188 1857 2232 vidit
1903 2188 2121 2232 Wilamo-

489 2262 674 2315 witzius,
709 2261 908 2318 Hesych.
942 2261 1028 2304 III.
1051 2277 1095 2318 p.
1121 2262 1220 2304 369.
1244 2262 1406 2315 πρεπτὰ
1427 2252 1713 2314 φαντάσματα·
1739 2262 1938 2312 <σαφεῖσ>
1961 2259 2118 2301 εἴκονεσ.

489 2333 772 2389 (emendavit
804 2333 1038 2387 Stahlius.)

548 2463 655 2508 323.
687 2463 856 2520 ἐ’γχωροσ
885 2477 939 2500 Ξ
969 2463 1165 2518 ἐγχώριοσ.
1183 2462 1218 2516 4)
1251 2462 1317 2506 Cf.
1351 2461 1487 2518 Soph.
1523 2460 1575 2504 O.
1609 2461 1655 2504 G.
1692 2460 1777 2503 124
1810 2459 2028 2502 πλανάτασ
2058 2474 2122 2502 τισ

490 2537 510 2576 ὁ
552 2535 737 2591 πρέσβυσ,
781 2534 867 2575 οὐδ’
909 2533 1091 2589 ἐ’γχωροσ,
1137 2533 1254 2576 Phil.
1295 2533 1381 2576 692
1412 2531 1505 2574 οὐδέ
1537 2537 1613 2574 τιν’
1645 2531 1814 2587 ἐ’γχωρον
1851 2532 2119 2583 κακογείτονα.

489 2607 730 2650 Vertatur:
769 2606 870 2659 „hic
901 2605 1031 2658 loci”,
1069 2604 1205 2659 ‚,loco,
1239 2618 1331 2660 quo
1363 2618 1488 2646 nunc
1520 2603 1782 2647 adsumus.'‘

549 2677 816 2730 ἐπανθεμίζει.
850 2677 922 2719 EX
953 2675 1186 2732 Aristoph.
1219 2674 1419 2718 Acharn.
1454 2675 1540 2718 992
1572 2673 1672 2730 ’έχων
1702 2674 1897 2727 στέφανον
1930 2673 2122 2727 ἀνθέμων

544 2821 575 2860 ¹)
614 2820 676 2855 Sic
700 2819 845 2865 legitur
871 2819 910 2854 in
937 2829 1093 2866 papyro.

543 2880 578 2925 ²)
615 2879 670 2914 Cf.
705 2879 823 2914 etiam
867 2879 1012 2914 Oratet.
1048 2878 1118 2924 frg.
1153 2877 1198 2912 46
1231 2880 1271 2912 et
1304 2876 1419 2923 Soph.
1453 2876 1539 2911 frm.
1566 2876 1637 2911 550
1661 2875 1763 2922 apud
1790 2875 2050 2910 Pearsonium.

544 2939 580 2982 3)
604 2938 704 2973 Num
732 2941 861 2982 „recta
890 2937 950 2972 via
974 2940 1150 2983 tangens,
1176 2935 1333 2983 petens''
1361 2935 1384 2971 i.
1411 2946 1442 2972 e.
1469 2935 1600 2978 durus,
1623 2938 1823 2982 protervus
1839 2933 1966 2981 (recht
1983 2944 2030 2980 op
2047 2933 2121 2968 den

676 2997 692 3024 φ

493 3009 582 3102 mag}
609 2998 752 3103 ζῖἐιοροσ
788 3073 799 3091 ,·
837 3059 995 3103 ἓγχώριοσ
1030 3071 1075 3086 =
1111 3057 1251 3090 ἕντοποσ
1305 3053 1435 3100 (Soph.
1485 3053 1583 3089 Phil.
1642 3052 1748 3099 212):
1803 3055 1958 3087 ἓντόπιοσ
2002 3051 2121 3097 (plat.

494 3115 656 3151 Phaedr.
681 3115 751 3151 262
777 3115 837 3162 D.)
