2274 3750
1182 348 1418 390 -60-

482 477 725 534 appellari;
774 466 939 530 errant,
984 477 1062 534 qui
1105 477 1286 520 hircum
1329 491 1435 520 eum
1477 492 1661 535 quoquo
1703 479 1838 522 modo
1878 479 2112 523 imitatum

482 562 575 591 esse
608 548 746 590 hocce
778 562 835 590 ex
867 562 1002 591 versu
1035 548 1246 591 efficiant.

540 688 646 733 359.
677 689 814 730 παύου
845 691 890 729 τὸ
921 688 1025 731 λεῖον
1056 688 1261 744 φαλακρὸν
1293 690 1428 744 ἡδονῆι
1461 691 1623 733 πιτνάσ.

541 759 652 803 Coll.
705 760 844 803 Hom.
896 774 920 800 σ
970 761 1056 804 160
1107 761 1222 801 ὅπωσ
1263 761 1441 802 πετάσειε
1481 760 1660 814 μάλιστα
1699 763 1834 814 θυμὸν
1875 762 2113 816 μνηστήρων

481 831 608 887 („das
650 831 771 874 Hem
812 831 916 874 weit
957 831 1153 886 machte,
1197 832 1283 874 mit
1313 833 1546 888 freudiger
1578 833 1822 889 Hoffnung
1852 833 2112 877 schwellte'’

480 906 599 944 recte
642 901 844 945 Cauerus
890 903 1028 946 vertit
1050 902 1102 960 l))
1135 917 1321 947 versum
1353 903 1553 960 explicat
1586 904 1880 948 Pearsonius:
1919 904 2113 958 „Desine

480 972 710 1016 calvitiem
756 977 885 1016 tuam
926 973 1162 1030 voluptate
1203 974 1450 1031 pandere”‚
1493 974 1522 1018 i.
1551 989 1588 1018 e.
1631 974 1719 1028 „Os
1764 979 1898 1018 tuum
1944 974 2113 1032 gaudio

479 1043 652 1086 diutius
683 1058 741 1087 ne
778 1044 1059 1100 splendeat.’'
1093 1045 1197 1087 Non
1228 1048 1385 1088 autem
1417 1045 1625 1100 verbum,
1658 1049 1710 1088 ut
1741 1045 1969 1103 Odysseae
1999 1046 2112 1100 loco,

479 1129 614 1157 sensu
667 1115 887 1159 translato
938 1115 1200 1160 adhibitum
1242 1131 1337 1160 esse
1379 1121 1502 1174 puto,
1546 1118 1625 1161 sed
1665 1118 1730 1161 sic
1771 1118 1922 1174 potius
1953 1117 2110 1162 credo:

479 1190 580 1242 post
630 1187 818 1230 stultam
870 1186 986 1230 hirci
1039 1188 1429 1244 comparationem
1481 1188 1614 1232 valde
1666 1189 1765 1232 risit
1815 1188 2009 1244 Silenus,
2060 1193 2114 1232 ut

478 1256 572 1299 iam
629 1257 709 1300 diu
767 1258 852 1301 dea
897 1258 1113 1315 loquente
1159 1259 1321 1302 riserat
1365 1259 1439 1315 (cf.
1489 1259 1575 1302 344
1601 1260 1700 1317 sq.).
1753 1259 1913 1317 Itaque
1966 1259 2113 1316 magis

479 1328 618 1371 etiam
664 1329 874 1386 nympha
923 1329 1134 1373 irascitur
1180 1334 1225 1373 et
1269 1335 1371 1387 post
1416 1330 1606 1374 barbam
1654 1331 1885 1375 calvitiem
1928 1344 2110 1388 quoque

478 1398 678 1442 ludibrio
720 1400 894 1443 habens
926 1401 1242 1458 aspiciensque
1273 1402 1439 1445 rictum
1473 1402 1616 1446 Sileni
1648 1402 1792 1445 nimio
1825 1402 1920 1445 risu
1955 1402 2112 1446 diduc-

479 1473 576 1512 tum
641 1475 778 1527 atque
838 1472 1050 1528 patulum,
1113 1472 1194 1516 vix
1255 1471 1341 1515 sibi
1403 1477 1663 1530 temperans
1724 1473 1851 1517 eicit:
1918 1473 2111 1526 „Desine

479 1542 666 1585 tandem
723 1542 937 1598 glabrum
991 1547 1122 1586 tuum
1175 1547 1313 1600 caput
1354 1544 1556 1587 deforme
1599 1544 1834 1601 voluptate
1875 1544 2110 1588 dilatare.''

480 1613 667 1667 („Houd
710 1628 775 1656 nu
817 1614 923 1656 toch
964 1614 1180 1671 eindelijk
1218 1629 1325 1670 eens
1356 1629 1414 1671 op
1447 1615 1519 1658 die
1551 1615 1730 1671 leelijke
1763 1615 1865 1658 kale
1896 1615 1988 1672 kop
2019 1629 2111 1659 van

472 1685 520 1740 je
562 1683 672 1727 door
713 1685 1020 1741 grijnslachen
1062 1689 1107 1728 te
1148 1686 1484 1739 vertrekken.”‚
1527 1685 1607 1729 ubi
1649 1685 1881 1743 aptissime
1918 1686 2108 1743 „caput”

478 1769 560 1812 pro
592 1769 668 1798 ore
700 1759 961 1812 usurpatur,
995 1757 1049 1800 cf.
1087 1757 1253 1810 „Houd
1279 1757 1327 1813 je
1359 1757 1526 1814 kop.'’).

537 1826 604 1870 De
637 1827 819 1871 calvitie
851 1827 1109 1884 ingenuum
1140 1842 1307 1885 parum
1338 1829 1527 1872 decente
1549 1829 1789 1872 annotavit
1809 1828 2109 1872 Leeuwenius

477 1898 534 1940 ad
554 1898 690 1942 Arist.
709 1899 812 1942 Pac.
838 1899 921 1942 767
935 1913 1020 1956 sq.:
1048 1933 1066 1952 „
1091 1934 1100 1942 .
1120 1933 1130 1942 .
1149 1934 1157 1943 .
1179 1934 1187 1943 .
1211 1900 1389 1956 Nempe
1412 1898 1670 1954 ἀνελεύθερόν
1692 1917 1730 1941 τι
1751 1901 1816 1940 καὶ
1839 1897 2110 1952 δουλοπρεπέσ

477 1969 645 2012 habere
681 1969 921 2013 videbatur
953 1970 1214 2024 calvities.”,
1239 1972 1293 2015 cf.
1318 1971 1426 2014 Eur.
1450 1971 1572 2027 Cycl.
1597 1970 1696 2014 227.
1719 1971 1880 2028 Itaque
1901 1968 2109 2024 φαλακροῦ

476 2040 651 2083 mentio
683 2041 943 2085 convicium
977 2045 1044 2085 est
1074 2042 1428 2086 aestimandum.

535 2180 697 2239 ssosq.
745 2183 862 2226 Cum
911 2183 1257 2228 Wilamowitzio
1300 2188 1356 2236 et,
1400 2184 1522 2241 quod
1563 2184 1728 2227 attinet
1758 2184 1815 2227 ad
1846 2183 2108 2242 interpunc-

475 2254 662 2306 tionem,
696 2268 801 2296 cum
835 2254 1013 2297 Huntio
1045 2255 1108 2298 sic
1139 2255 1262 2311 lego:

772 2327 843 2366 οὐκ
886 2327 940 2366 εἰσ
982 2328 1103 2366 &zoilo
1144 2327 1196 2366 τὰ
1218 2327 1253 2381 2)
1294 2328 1408 2380 μωρὰ
1430 2315 1431 2318 ¹
1451 2328 1515 2366 καὶ
1546 2324 1680 2377 γέλοια
1711 2329 1781 2381 χρὴ

771 2397 949 2452 χανόντα
979 2395 1126 2438 κλαίειν
1157 2398 1310 2451 ῧστερ’,·
1342 2399 1398 2437 ὣσ
1429 2398 1504 2449 ἐγὼ
1535 2395 1648 2448 λέγω.

535 2468 711 2523 χανόντα
751 2481 803 2504 Ξ
844 2469 1023 2518 εἰπόντα,
1069 2469 1123 2511 cf.
1168 2468 1305 2525 Soph.
1354 2468 1477 2511 Aiac.
1529 2468 1642 2511 1227
1685 2466 1827 2521 τλῆναι
1866 2473 1963 2509 καθ’
1994 2471 2107 2523 ἡμῶν

475 2535 544 2578 ὧδ’
577 2539 793 2590 ἀνοιμωκτὶ
826 2547 972 2593 χανεῖν,
1007 2539 1239 2595 Aristoph.
1274 2539 1409 2595 Vesp.
1444 2539 1530 2581 342
1559 2543 1671 2580 τοῦτ’
1703 2538 1888 2594 hostum?
1919 2541 1939 2580 ὁ
1966 2541 2107 2595 μιαρὸσ

474 2618 621 2664 χανεῖν,
656 2610 867 2666 Aeschyl.
901 2610 1066 2666 Agam.
1090 2610 1177 2653 920
1199 2609 1298 2663 μηδὲ
1321 2611 1565 2666 χαμαιπετὶσ
1584 2611 1720 2665 βόαμα
1741 2611 1987 2666 προσχάνηισ
2007 2611 2103 2664 ἐμοί,

475 2680 584 2723 Call.
620 2680 769 2737 Apoll.
804 2681 860 2724 24
892 2682 983 2723 ἀντὶ
1010 2683 1200 2732 γυναικὸσ
1220 2681 1373 2735 ὀϊζυρόν
1395 2697 1432 2721 τι
1454 2682 1665 2736 χανούσησ.
1692 2681 1936 2738 „Tragicae
1957 2681 2106 2738 indig-

474 2752 673 2794 nationis
705 2751 893 2808 plenum
926 2751 1163 2796 verbum.''
1198 2752 1453 2806 (Leeuwen.
1487 2752 1545 2795 ad
1579 2752 1715 2809 Vesp.
1749 2753 1868 2810 342.)

526 2940 560 2987 ¹)
598 2941 724 2976 Minus
762 2945 875 2986 recte,
902 2941 934 2976 si
959 2941 1052 2988 quid
1078 2941 1198 2985 video,
1224 2940 1473 2976 Leeuwenius
1498 2945 1699 2988 comparat
1723 2941 1948 2986 locutiones,
1970 2941 2104 2989 quales

475 3003 564 3035 sunt
598 3003 747 3046 χαλάσαι
779 3006 817 3035 τὸ
844 3004 998 3042 μέτωπον
1023 3001 1081 3036 vel
1108 3005 1146 3035 τὸ
1170 3002 1343 3047 πρόσωπον
1368 3002 1622 3047 διαγαληνίσαι,
1648 3011 1737 3037 nam
1765 3001 1812 3036 de
1837 3000 1976 3036 frontis
1992 3000 2104 3046 ’'uqi-3

474 3059 671 3105 explicatis
696 3059 757 3095 hic
782 3060 910 3106 potius
936 3060 1077 3106 agitur.
1104 3060 1159 3096 Cf.
1185 3060 1333 3095 Leeuw.
1358 3059 1406 3095 ad
1435 3059 1547 3106 Vesp.
1571 3059 1652 3096 655.

525 3118 561 3163 ²)
587 3118 803 3164 Vollgraffii
829 3118 1050 3154 coniectura
1074 3124 1132 3154 τὸν
1156 3119 1312 3165 (Mnem.
1337 3117 1443 3163 1914,
1469 3129 1554 3165 pag.
1580 3118 1664 3165 177)
1691 3118 1906 3155 necessaria
1930 3129 2005 3155 non
2030 3122 2102 3156 est.
