2320 3776
0 2244 20 2422 *3403313'254213

289 1042 383 1086 Hoc
412 1056 501 1084 meo
535 1040 676 1084 libello
706 1039 845 1082 multa
871 1043 966 1096 post
996 1038 1223 1081 intervalla
1247 1038 1413 1081 tandem
1433 1039 1489 1080 ad
1502 1038 1634 1094 finem
1649 1038 1860 1094 perducto,

230 1125 366 1170 dulcis
420 1124 533 1167 mihi
588 1123 701 1166 subit
759 1122 987 1165 recordatio
1041 1121 1235 1177 temporis
1285 1121 1409 1164 illius
1453 1136 1532 1178 per
1579 1121 1721 1164 studia
1771 1134 1862 1163 mea

230 1208 434 1265 Lugduni
484 1207 746 1250 Batavorum
784 1205 947 1262 peracti
959 1219 968 1258 3
1013 1207 1330 1260 praeceptorum
1375 1204 1690 1260 amicorumque
1738 1203 1863 1259 lonya

229 1291 344 1335 mihi
393 1294 488 1333 ante
533 1289 670 1332 oculos
714 1292 904 1331 versatur
948 1287 1083 1340 series,
1131 1300 1314 1343 quorum
1359 1287 1466 1330 iam.
1495 1286 1726 1343 complures
1766 1286 1863 1343 sato

231 1375 394 1431 abrepti
446 1373 660 1416 meliorem
705 1376 803 1415 sunt
842 1371 1067 1427 fortunam
1112 1370 1250 1423 secuti,
1297 1370 1405 1412 alios
1449 1369 1689 1425 inyentibus
1736 1374 1864 1412 terrae

234 1459 444 1514 marisque
473 1457 624 1514 spatiis
653 1460 828 1499 remotos
853 1455 986 1499 vivere
1008 1453 1295 1496 tantummodo
1314 1453 1410 1506 scie,
1427 1453 1667 1496 rarissimos
1688 1453 1864 1509 denique

234 1555 376 1585 coram
397 1540 543 1593 videre,
567 1543 615 1582 ut
635 1539 837 1582 emimium
853 1538 1054 1594 fortunae
1076 1536 1330 1593 beneficium,
1349 1550 1480 1592 quam
1494 1537 1677 1579 maaeime
1690 1535 1862 1592 qaudeO.

291 1624 402 1666 Ante
445 1623 520 1666 hos
561 1636 698 1664 omnes
734 1623 797 1664 Tu
828 1621 973 1664 animo
1003 1634 1092 1663 meo
1122 1620 1326 1672 inhaeres,
1360 1631 1460 1662 VAN
1492 1619 1745 1672 LEEUWEN,
1791 1618 1865 1661 Vir

237 1706 492 1759 Clarissime,
525 1705 643 1748 cuius
673 1703 930 1761 discipulum
959 1717 1024 1746 me
1049 1702 1197 1759 fuisse,
1230 1703 1362 1745 immo
1382 1715 1540 1758 semper
1555 1702 1650 1758 fore
1665 1701 1865 1758 profiteor

233 1794 359 1848 atque
397 1789 570 1845 ylorior.
612 1787 880 1831 Admirabili
919 1787 1146 1829 instructus
1182 1786 1384 1838 doctrina,
1418 1786 1619 1828 acerrimo
1644 1785 1864 1841 praeditus

232 1873 396 1929 inqenii
436 1872 641 1924 acumine,
682 1871 794 1913 miro
835 1874 1007 1913 ornatus
1048 1870 1188 1912 animi
1215 1869 1366 1925 vigore,
1406 1867 1470 1910 Tu
1499 1868 1624 1922 mihi,
1657 1868 1866 1924 quamdiu

232 1956 338 2009 vivo,
362 1954 595 2011 exemplum
616 1955 696 1997 eris
719 1953 942 2009 Philoloyi
963 1953 1160 2009 „perfecti
1175 1956 1212 1994 et
1227 1951 1422 1995 omnibus
1437 1951 1624 1994 numeris
1640 1949 1863 1994 absoluti.''

293 2037 372 2082 Sed
401 2043 438 2082 et
469 2038 746 2095 aequissimus
771 2040 1026 2094 praeceptor,
1058 2036 1218 2078 amicus
1243 2034 1518 2091 fidelissimus
1550 2033 1614 2077 Tu
1628 2034 1772 2090 fuisti,
1801 2033 1866 2075 Tu

234 2121 354 2164 nobis
388 2125 554 2178 praesto
594 2134 696 2174 eras,
738 2133 976 2175 numquam
1017 2131 1272 2175 quemquam
1315 2117 1406 2160 sine
1448 2116 1552 2160 bono
1589 2117 1763 2160 consilio
1794 2116 1866 2160 abs

241 2204 295 2247 Te
325 2205 531 2247 dimittere
561 2204 728 2257 solebas,
767 2203 831 2245 Tu
862 2203 1038 2256 dmique
1067 2215 1185 2244 verus
1216 2201 1336 2243 nobis
1368 2200 1583 2242 Patronus
1614 2214 1715 2243 eras.

295 2287 383 2330 Pro
417 2288 482 2330 his
514 2286 708 2330 omnibus
739 2290 949 2342 quantum
986 2284 1083 2327 Tibi
1105 2283 1280 2328 habeam
1300 2284 1476 2339 yratiae,
1501 2283 1586 2326 dici
1607 2296 1692 2325 non
1707 2285 1866 2338 potest:

239 2370 312 2413 hoc
359 2373 508 2422 tamen,
556 2369 758 2424 Maqister
804 2367 1044 2419 Beier-ende,
1092 2366 1212 2409 valde
1255 2379 1372 2422 spero
1419 2379 1657 2422 numquam
1698 2379 1764 2408 me
1815 2364 1868 2407 Te

243 2453 416 2509 Tuaque
459 2453 721 2495 humanitate
751 2465 926 2507 prorsus
955 2450 1185 2506 indiynum
1215 2453 1362 2492 memet
1388 2448 1629 2505 praebuisse
1658 2448 1722 2490 vel
1747 2461 1869 2505 prae-

240 2535 428 2578 biturum
458 2549 536 2578 esse
566 2539 602 2577 et
632 2535 680 2577 in
705 2539 920 2591 posterum
951 2548 1115 2591 quoque
1148 2533 1227 2575 tali
1257 2547 1356 2589 erqa
1385 2547 1451 2575 me
1480 2534 1538 2574 sis
1564 2531 1722 2585 animo,
1746 2531 1869 2587 quali

239 2618 413 2661 antehac
437 2618 583 2674 fuisti,
615 2618 868 2660 vehementer
898 2622 1005 2674 opto.

303 2701 441 2758 Neque
492 2701 587 2755 Tui,
635 2701 896 2754 HARTMAN‚
948 2700 1026 2744 Vir
1069 2699 1324 2751 Clarissima
1367 2698 1557 2741 oblivisci
1593 2702 1750 2754 potero,
1793 2698 1870 2752 qui

240 2784 410 2827 eandem
440 2784 686 2838 comitatem,
719 2798 804 2839 qua
835 2798 900 2826 me
929 2784 1162 2827 studiosum
1190 2782 1387 2838 prosequi
1417 2780 1585 2834 solebas,
1610 2780 1870 2824 etiamnunc

241 2866 375 2909 adesse
417 2866 483 2909 his
523 2867 630 2922 ipsis
661 2867 803 2909 diebus
837 2871 920 2909 tam
957 2866 1181 2909 luculenter
1212 2864 1473 2907 ostendebas:
1514 2863 1749 2906 litterarum
1778 2877 1869 2906 nos-

244 2954 406 2992 trarum
451 2962 647 3002 amorem,
695 2963 779 3005 quo
824 2950 912 3005 ipse
956 2949 1178 2991 instinctus
1224 2951 1261 2989 et
1301 2946 1528 3002 discipulos
1567 2959 1676 2988 meos
1715 2946 1871 3002 afficere

242 3032 428 3089 quotidie
467 3032 579 3075 mihi
619 3036 675 3075 est
713 3046 868 3074 munus
908 3031 1074 3074 illustre
1114 3044 1185 3072 nec
1224 3030 1454 3085 inyratum,
1503 3027 1600 3070 Tibi
1636 3042 1702 3070 me
1732 3028 1869 3071 debere

249 3116 416 3171 Tuoque
445 3115 659 3171 sinyulari
690 3115 978 3167 Ξνθουσιασμῶι
1010 3128 1055 3156 ew
1085 3113 1224 3155 animi
1254 3101 1454 3155 sententia
1485 3110 1695 3168 confirmo.
