2274 3750
1181 342 1415 386 —‘74—

478 473 645 517 civium
688 473 813 516 enim
855 461 1062 516 Silenum
1105 473 1331 529 increpari
1374 474 1467 516 iam
1510 488 1648 530 supra
1684 476 1844 520 monui
1867 476 1915 533 1).
1954 477 2112 535 Neque

478 543 825 588 Wilamowitzio
866 544 1138 600 adstipulari
1175 558 1375 601 possum,
1408 558 1548 601 quem
1580 545 1719 588 nimis
1750 547 2114 592 demonstratum

477 615 612 658 ivisse
630 629 803 668 censeo,
822 628 927 657 cum
945 617 1151 657 nostrum
1170 615 1323 663 locum
1341 615 1471 672 quasi
1487 630 1648 658 ansam
1663 617 1954 673 prehendens
1970 622 2113 663 totam

476 685 605 728 illam
627 685 683 728 de
700 685 960 741 tragoediae
979 686 1155 741 origine
1173 687 1489 742 quaestionem
1507 687 1774 732 revolveret.
1802 688 1922 732 Nam
1944 690 2112 745 omnia,

478 771 594 813 quae
637 756 874 800 verissima
917 771 1025 800 sane
1067 760 1111 799 et
1153 770 1234 799 suo
1271 757 1457 813 ingenio
1496 757 1765 814 dignissima
1797 759 2022 815 disseruit,
2054 761 2114 805 ad

478 827 737 884 tragoediae
775 828 1000 883 originem
1034 828 1277 885 permulta,
1314 828 1433 871 nihil
1464 829 1557 872 fere
1589 829 1647 872 ad
1679 830 1977 886 Indagatores
2007 832 2114 876 affe-

477 902 587 941 runt
601 898 650 953 2).
684 898 812 942 Haec
842 898 997 954 igitur,
1029 899 1301 955 gravissima
1334 900 1536 956 quidem,
1559 899 1637 943 sed
1658 915 1685 943 a
1706 904 1861 944 nostro
1882 902 2113 960 proposito

478 970 586 1012 satis
617 969 753 1025 longe
786 969 1017 1025 distantia,
1050 970 1187 1013 missa
1218 970 1453 1014 faciamus.

536 1039 624 1084 Sed
666 1041 723 1083 ad
766 1045 912 1084 artem
955 1046 1250 1098 mentemque
1293 1041 1530 1098 Sophoclis
1577 1043 1902 1100 Euripidisque
1948 1044 2113 1088 melius

476 1111 855 1168 perspiciendam,
898 1113 956 1155 ad
998 1116 1256 1169 satyrorum
1296 1127 1455 1169 genus,
1499 1112 1654 1156 fabula
1689 1127 1722 1157 a.
1748 1113 1945 1172 Cyclope
1976 1115 2112 1172 plane

476 1183 656 1227 diversa
677 1197 802 1226 nunc
823 1183 1117 1238 illustratum,
1141 1184 1305 1227 melius
1321 1185 1703 1240 cognoscendum,
1723 1185 2112 1242 comparationem

475 1255 597 1297 inter
638 1254 884 1311 Cyclopem
925 1259 970 1298 et
1011 1255 1308 1311 Indagatores
1349 1255 1608 1298 institutam
1650 1255 1851 1299 multum
1892 1257 2112 1302 adiuvare

476 1325 593 1368 mihi
614 1340 882 1383 persuasum
905 1326 1065 1380 habeo,
1089 1331 1141 1369 ut
1162 1327 1211 1369 in
1234 1327 1530 1383 sequentibus
1561 1326 1872 1371 demonstrare
1901 1327 2110 1373 conabor.

534 1397 729 1440 Initium
769 1398 937 1441 faciam
977 1398 1034 1441 ab
1075 1398 1131 1440 iis
1172 1398 1388 1454 personis,
1438 1412 1554 1455 quae
1603 1398 1817 1442 omnibus
1858 1398 1908 1442 in
1948 1396 2112 1456 satyris

475 1469 743 1525 praecipuas
790 1472 983 1525 egerunt
1028 1473 1192 1526 partes,
1241 1469 1407 1526 quibus
1458 1469 1599 1525 igitur
1651 1473 1806 1526 poetas
1857 1470 2128 1514 maximam·

476 1539 652 1583 dedisse
695 1554 881 1597 operam
924 1540 1173 1584 verisimile
1216 1544 1294 1594 est,
1328 1540 1512 1597 Satyros
1543 1541 1615 1584 aio
1647 1544 1692 1584 et
1723 1540 1943 1585 Silenum.
1978 1541 2111 1593 Quod

475 1612 533 1654 ad
580 1611 816 1668 Sophoclis
863 1611 1072 1654 Silenum
1119 1612 1296 1671 attinet,
1345 1610 1545 1662 drumart,
1589 1626 1728 1669 quam
1773 1612 1922 1669 primo
1963 1613 2110 1670 capite
2169 1652 2171 1655 .
2231 1652 2233 1655 .
2266 1626 2269 1631 ¹

475 1683 593 1737 dedi,
626 1683 714 1726 hoc
744 1697 875 1739 spero
907 1697 981 1725 me
1013 1682 1275 1739 probavisse
1309 1683 1582 1740 Sophoclem
1614 1682 1746 1726 nobis
1778 1683 1933 1727 virum
1952 1683 2110 1740 depin-

475 1754 592 1797 xisse
634 1754 847 1808 alacrem,
885 1753 1130 1807 urbanum,
1163 1754 1243 1810 qui
1276 1754 1456 1797 modica
1487 1754 1681 1799 avaritia
1712 1754 1914 1812 affectus,
1946 1779 2005 1786 -—-
2035 1754 2110 1798 eui

475 1825 587 1869 vitio
633 1824 765 1868 facile
811 1825 1104 1881 ignoscimus,
1148 1850 1205 1857 —
1246 1825 1400 1882 lepida
1446 1825 1611 1869 deinde
1658 1825 1871 1882 superbia
1911 1823 2107 1882 Satyros,

474 1896 616 1940 socios
662 1911 779 1951 suos,
822 1896 1077 1953 despiciens
1119 1901 1256 1955 atque
1298 1898 1516 1951 excitans,
1556 1911 1665 1940 mox
1698 1897 1838 1940 etiam
1870 1896 2109 1954 Cyllenam

472 1967 672 2011 ludibrio
708 1967 896 2023 habenS,
930 1982 1110 2025 semper
1140 1983 1223 2011 nos
1254 1967 1460 2022 delectet,
1494 1982 1752 2025 numquam
1783 1982 1865 2011 nos
1891 1967 2108 2012 offendat.

533 2038 620 2082 Sed
653 2053 777 2082 nunc
808 2039 866 2082 ad
898 2038 1170 2096 Euripidem
1201 2043 1501 2082 transeamus.
1533 2039 1674 2082 Initio
1697 2039 1906 2096 Cyclopis
1927 2037 2108 2082 Silenus

473 2109 714 2166 Sophoclei
745 2109 974 2167 Apollinis
1005 2110 1215 2167 fungitur
1246 2110 1346 2155 vice
1378 2114 1422 2154 et
1454 2110 1642 2167 prologo
1669 2110 1800 2154 docet
1820 2113 2105 2170 spectatores,

473 2194 590 2237 quae
632 2180 747 2223 scitu
790 2185 897 2224 sunt
937 2182 1203 2225 necessaria.
1246 2181 1374 2225 Haec
1411 2185 1566 2225 tamen
1599 2181 1754 2224 omnia
1784 2195 1879 2223 non
1909 2179 2106 2238 simplici

472 2266 681 2295 sermone
723 2251 854 2295 nobis
896 2257 1182 2306 enarrantur,
1225 2257 1272 2296 at
1313 2253 1510 2297 dictione
1543 2266 1726 2309 prorsus
1757 2251 1930 2308 tragica
1961 2251 2108 2295 decla-

473 2326 674 2377 mantur,
717 2337 809 2380 qua
850 2337 956 2366 cum
997 2324 1145 2366 forma
1187 2328 1232 2367 et
1273 2323 1480 2367 Silenum
1522 2327 1567 2366 et
1604 2337 1675 2366 res
1704 2323 1762 2366 ab
1794 2337 1846 2366 eo
1878 2322 2106 2379 expositas

472 2408 637 2451 parum
679 2408 928 2451 congruere
970 2395 1122 2451 quivis
1164 2394 1409 2451 intellegit3
1447 2395 1615 2451 itaque,
1649 2408 1932 2451 quamquam
1964 2393 2103 2451 lepidi

470 2465 645 2522 aliquid
678 2466 724 2508 in
759 2468 944 2522 prologo
977 2466 1122 2508 inesse
1155 2465 1279 2508 haud
1313 2479 1490 2521 negem,
1524 2466 1698 2508 sactum
1729 2469 1809 2518 est,
1837 2468 1889 2507 ut
1910 2463 2103 2518 Silenus,

471 2536 619 2593 qualis
661 2537 748 2579 hoc
789 2537 887 2579 loco
929 2536 986 2579 ab
1025 2536 1245 2592 Euripide
1277 2535 1524 2589 inducitur,
1559 2550 1642 2579 nec
1674 2535 1828 2579 Sileno
1860 2535 1941 2589 illi,
1974 2535 2105 2579 cuius

471 2622 620 2651 mores
650 2623 677 2650 a
709 2607 932 2664 Sophocle
965 2612 1056 2650 tam
1081 2608 1224 2650 facete
1246 2611 1355 2650 sunt
1376 2607 1589 2663 descripti
1613 2621 1696 2650 nec
1719 2606 1885 2660 Sileno,
1919 2606 2103 2663 qualem

472 2683 620 2722 cetera
638 2679 685 2721 in
703 2678 859 2722 fabula
874 2678 1116 2735 Euripides
1133 2677 1264 2721 nobis
1282 2679 1466 2734 profert,
1479 2677 1642 2720 similis
1661 2678 1883 2731 videatur,
1900 2681 1949 2721 at
1964 2677 2105 2722 verba

473 2751 569 2794 eius
587 2751 714 2794 heroi
734 2750 884 2806 potius
900 2765 1072 2793 errores
1090 2765 1193 2793 suos
1211 2750 1338 2806 epico
1355 2750 1557 2792 carmine
1577 2749 1790 2798 referenti
1812 2749 2101 2793 conveniant.

532 2822 649 2864 Sunt
690 2825 843 2864 autem
887 2822 1024 2864 hocce
1067 2822 1115 2864 in
1157 2820 1344 2878 prologo
1386 2821 1622 2874 nonnulla,
1666 2835 1782 2876 quae
1818 2819 2099 2876 aptissimam

472 2892 603 2935 nobis
665 2892 887 2949 praebent
949 2893 1232 2936 occasionem
1294 2892 1407 2935 duos
1468 2892 1656 2946 Silenos,
1714 2891 2017 2948 Euripideum
2058 2893 2103 2933 et

524 3058 558 3104 ¹)
583 3058 639 3095 Cf.
667 3069 751 3104 pag.
777 3058 834 3094 59.

524 3119 557 3156 ²)
583 3116 911 3153 Sonderabdruck.
938 3128 1020 3164 pag.
1047 3116 1199 3154 16—28.
