2274 3750
893 344 1126 386 ,51-

197 471 343 526 κέρατα
365 471 411 528 1),
446 472 491 527 3)
522 472 596 515 die
629 472 902 524 Rindshaut,
936 474 981 528 4)
1013 473 1086 517 die
1118 473 1183 516 als
1216 473 1371 517 Saiten
1393 474 1652 517 dienenden
1674 473 1828 517 Schaf-

197 541 368 597 diu-me,
411 542 485 586 die
526 557 613 585 uns
655 543 756 586 hier
797 543 927 586 nicht
968 545 1122 588 weiter
1159 545 1490 588 interessieren.
1531 545 1592 587 Er
1624 545 1829 589 verfahrt

197 627 296 657 nun
327 627 388 663 so,
419 613 523 656 dasz
555 628 604 656 er
633 628 716 657 aus
747 614 836 658 den
868 614 1205 670 Rohrstengeln
1237 615 1372 658 Stabe
1404 629 1495 659 von
1532 615 1827 659 bestimmten

197 684 379 728 Maszen
421 685 639 739 herstellt‚
683 685 756 728 die
799 685 1274 730 Schildkrotenschale
1316 686 1600 729 durchbohrt
1640 685 1736 729 und
1779 687 1828 729 in

197 755 320 799 diese
362 755 539 799 Locher
579 756 669 799 den
711 757 844 799 einen
888 756 1010 810 Stab,
1054 758 1134 800 der
1175 757 1265 800 den
1306 761 1500 800 unteren
1533 757 1641 813 Steg
1670 757 1828 811 bildet,

197 826 523 871 hincinschibt.
558 826 664 869 Nun
695 827 809 883 folgt
839 827 920 870 der
951 828 1147 884 strittige
1179 828 1295 872 Vers
1327 829 1427 881 ἀμφὶ
1455 827 1495 869 δὲ
1518 827 1642 882 δέρμα
1662 828 1828 869 τάνυσσε

197 897 305 953 βοόσ,
347 898 444 940 und
486 897 643 940 diesen
685 898 766 940 hat
806 898 1059 954 Sophokles
1090 898 1296 942 offenbar
1332 913 1380 942 so
1412 899 1702 953 verstanden‚
1736 898 1830 941 dasz

129 991 137 999 ·
198 967 374 1012 Hermes
414 983 488 1011 um
529 969 595 1011 die
635 971 837 1022 ansam-en,
879 969 1044 1012 seitlich
1075 984 1152 1012 aus
1183 970 1253 1012 der
1283 969 1712 1013 Schildlcrbterrwehale
1741 984 1830 1012 vor-

196 1038 414 1083 stehenden
451 1039 601 1082 Enden
631 1040 698 1082 des
731 1045 898 1083 unteren
930 1039 1044 1096 Steys
1075 1040 1361 1083 Lederrv'aemn
1393 1041 1533 1083 breitet
1563 1043 1635 1094 69),
1668 1055 1742 1083 um
1772 1041 1831 1083 sie

197 1125 248 1154 zu
277 1110 498 1166 besestiyen
529 1111 619 1153 und
649 1111 716 1153 ein
757 1110 1022 1155 Verschieben
1052 1127 1103 1154 zu
1132 1111 1425 1155 verhindemzss'

257 1180 423 1224 Statim
465 1180 665 1224 Roberto
707 1182 905 1225 concedo
948 1195 1132 1226 versum
1175 1183 1275 1235 ἀμφὶ
1313 1181 1353 1223 δὲ
1385 1181 1508 1236 δέρμα
1540 1182 1707 1223 τάνυσσε
1737 1182 1832 1237 βοόσ

199 1251 311 1296 satis
349 1265 444 1295 esse
485 1252 760 1308 languidum
802 1258 846 1296 et
877 1253 1138 1309 ancipitem,
1172 1267 1429 1310 numquam
1462 1257 1617 1296 tamen
1650 1252 1830 1295 credere

199 1326 356 1380 potero
387 1323 614 1367 actionem
647 1323 788 1378 illam,
822 1338 963 1381 quam
995 1324 1223 1367 Robertus
1254 1324 1404 1368 verbis
1440 1338 1542 1376 „um
1577 1323 1650 1366 die
1682 1326 1831 1366 aiisze-

201 1387 354 1438 ren..'.
381 1393 590 1438 breiten‘'
607 1395 896 1450 significavit,
916 1395 1089 1438 Graeca
1114 1395 1274 1451 lingua
1300 1395 1524 1438 adiectivo
1551 1392 1833 1450 ῥινοκόλλητοσ

201 1465 434 1509 enuntiari
475 1480 603 1522 posse
645 1480 729 1509 nec
771 1479 994 1522 umquam
1036 1480 1318 1522 concoquam
1359 1466 1472 1508 haec
1513 1466 1621 1518 lora,
1665 1464 1831 1522 quibus

202 1550 260 1580 ne
307 1535 431 1584 δόναξ
475 1536 665 1579 inferior
696 1541 936 1580 moveatur
982 1536 1092 1590 loco,
1126 1536 1384 1581 cavendum
1417 1540 1495 1590 est,
1530 1537 1690 1579 eadem
1722 1550 1828 1589 esse,

201 1621 319 1664 quae
351 1611 396 1650 et
437 1607 576 1650 totius
616 1608 912 1651 instrumenti
953 1607 1330 1664 compositionem
1374 1611 1418 1650 et
1459 1607 1691 1650 variarum
1733 1621 1831 1664 par-

201 1677 319 1722 tium
362 1678 732 1722 coniunctionem
780 1678 956 1722 efficere
1002 1693 1140 1736 supra
1186 1678 1386 1722 vidimus
1407 1678 1454 1732 2).
1503 1678 1631 1722 Haec
1677 1678 1832 1721 omnia

202 1748 319 1792 mihi
349 1749 654 1793 incertissima
684 1754 907 1806 apparent
939 1754 983 1809 et
1013 1749 1123 1793 talia
1154 1750 1190 1792 si
1222 1750 1324 1806 quis
1346 1763 1450 1791 cum
1473 1748 1594 1792 clara
1615 1749 1831 1806 antiquae

201 1820 518 1878 explicationis
539 1821 831 1878 simplicitate
853 1820 1148 1878 comparabit,
1170 1824 1328 1863 utrum
1350 1821 1408 1863 sit
1429 1819 1705 1876 eligendum,
1739 1834 1832 1863 non

204 1890 444 1935 dubitabit.

261 1962 423 2020 Itaque
454 1955 644 2007 Roberti
676 1964 1037 2007 conclusionem:
1061 1963 1190 2017 „dasz
1206 1962 1327 2006 diese
1350 1961 1704 2019 Sophokle'i'sche
1726 1962 1770 2018 (i.
1791 1976 1828 2006 e.

205 2033 502 2092 Robertiana)
547 2035 904 2092 Interpretation
950 2049 1033 2078 vor
1078 2034 1168 2077 den
1215 2034 1466 2076 modernen
1514 2033 1603 2075 den
1649 2032 1833 2088 Vorzug

204 2105 427 2159 verdient,
460 2106 582 2149 steht
603 2106 722 2149 wohl
743 2120 900 2149 auszer
916 2105 1119 2161 Frage.'’,
1143 2119 1249 2148 cum
1272 2104 1415 2146 firmis
1436 2103 1719 2159 argumentis
1740 2117 1834 2146 non

205 2176 265 2220 sit
305 2175 510 2234 probata,
547 2177 708 2234 utique
740 2176 1019 2220 reiciendam
1051 2190 1145 2220 esse
1177 2189 1350 2218 censeo.
1383 2174 1485 2217 Hoc
1517 2174 1714 2230 denique
1746 2174 1833 2217 Ro-

204 2246 360 2291 bertus
396 2262 490 2291 non
523 2248 632 2292 satis
665 2247 924 2292 observasse
957 2247 1073 2290 mihi
1106 2247 1301 2299 videtur,
1333 2246 1383 2288 in
1415 2244 1566 2289 verbis
1597 2249 1832 2301 tantopere

205 2318 428 2362 mutilatis
469 2323 515 2362 et
554 2319 783 2376 ambiguis
824 2318 1049 2376 probabili
1083 2317 1368 2361 coniecturae
1405 2317 1556 2359 locum
1594 2330 1687 2358 non
1725 2329 1831 2369 esse,

206 2389 329 2448 quod
360 2394 515 2434 autem
548 2391 605 2434 ad
638 2390 779 2435 verba
810 2390 948 2433 etiam
981 2404 1105 2432 nunc
1137 2388 1267 2431 nobis
1299 2391 1478 2431 servata
1509 2386 1719 2443 pertinet,
1743 2400 1834 2443 quo

206 2461 343 2504 modo
373 2465 528 2504 nostro
558 2461 658 2504 loco
684 2462 776 2504 sint
802 2461 1022 2514 adhibita,
1045 2474 1138 2502 non
1161 2459 1347 2516 quidem
1370 2458 1557 2514 liquere,
1580 2457 1655 2499 sed
1679 2460 1835 2499 tamen

180 2531 256 2575 ·in
297 2531 477 2575 solitam
519 2532 683 2588 hymni
726 2531 1078 2588 explicationem
1123 2544 1175 2573 ea
1216 2543 1356 2586 quam
1393 2528 1562 2584 optime
1595 2527 1832 2583 quadrare,

205 2602 362 2660 itaque
393 2603 444 2646 in
474 2617 522 2646 re
554 2607 650 2646 tam
682 2602 822 2645 dubia
853 2602 939 2645 hoc
971 2615 1118 2644 unuln
1151 2615 1257 2643 cum
1287 2599 1441 2655 aliqua
1472 2597 1791 2654 probabilitate
1809 2612 1836 2641 a

261 2756 295 2803 ¹)
318 2756 391 2792 Sed
434 2757 529 2791 haec
561 2755 691 2791 omnia
724 2766 769 2790 ex
801 2754 963 2790 calamis
996 2754 1100 2789 facta
1134 2763 1215 2787 esse
1250 2755 1289 2787 et
1321 2752 1454 2797 iugum
1490 2750 1650 2785 inferius
1684 2750 1836 2785 affuisse

208 2815 310 2851 unde
349 2815 536 2862 apparet?
574 2812 726 2851 Nititur·
762 2814 918 2850 Roberti
957 2813 1083 2860 opinio
1115 2812 1217 2847 mala
1241 2810 1513 2856 Aristophanis
1537 2810 1647 2855 (Ran.
1672 2809 1742 2844 233
1766 2809 1837 2855 sq.)

208 2874 450 2921 Pollucisque
473 2874 554 2919 (lv,
579 2873 644 2920 62)
669 2872 1005 2920 interpretatione,
1030 2872 1075 2907 de
1093 2881 1170 2918 qua
1188 2871 1263 2905 iam
1284 2870 1390 2916 prius
1407 2868 1616 2904 Gemollius
1632 2867 1710 2914 (die
1728 2868 1837 2904 Hom.

210 2933 402 2980 Hymnen,
439 2945 524 2981 pag.
550 2933 635 2977 201)
672 2937 712 2969 et
751 2932 1000 2968 Leeuwenius
1036 2931 1102 2978 (ad
1129 2930 1246 2965 Arist.
1274 2930 1296 2964 l.
1313 2928 1353 2974 l.)
1379 2928 1502 2963 fusius
1527 2927 1835 2974 disputaverunt.

212 2992 296 3029 vid.
322 2996 362 3030 et
389 2993 659 3039 Koettgeniam
688 3003 773 3039 pag.
798 2991 943 3038 67115).

260 3052 296 3099 ²)
320 3052 421 3099 „Das
445 3063 566 3098 yanze
591 3052 735 3098 Gefi'ige
762 3050 1132 3093 zusammenhalten,
1157 3048 1237 3083 also
1259 3046 1445 3082 zwischen
1465 3046 1532 3081 der
1549 3044 1838 3081 Schildkroten-

209 3111 337 3147 sehale
362 3112 441 3147 und
468 3111 542 3147 den
568 3110 708 3156 Stegen
734 3110 847 3146 nebst
871 3109 961 3144 Joch
987 3108 1048 3143 die
1085 3107 1325 3151 Verbindwny
1351 3105 1553 3142 schaffen.’'
