2274 3750
1174 332 1408 375 -40—

476 461 669 505 verbum
712 461 1023 518 quidcumque
1065 461 1124 504 sit
1164 460 1549 515 substituendum,
1592 475 1652 504 an
1694 460 1844 518 potius
1885 459 1985 503 coll.
2018 459 2105 503 255

477 532 627 585 ζεῦγμα
657 532 813 575 adesse
845 531 1094 576 verisimile
1125 531 1195 585 sit,
1228 531 1480 575 diiudicare
1512 546 1605 575 non
1637 530 1795 574 audeo.

536 672 642 718 255.
689 672 843 716 Sileno
889 673 1015 729 lyrae
1058 687 1196 716 sonus
1239 673 1430 716 minime
1473 673 1647 730 placet,
1680 673 1834 730 itaque
1877 676 1922 716 et
1952 672 2105 729 ipsum

476 745 601 801 lyrae
633 748 866 787 cantorem
899 743 1137 787 horrisono
1168 744 1247 786 illo
1278 744 1585 787 instrumento
1616 744 1831 787 delectari
1853 734 1984 800 posse
2012 757 2105 786 non

479 815 666 859 credens
709 829 865 858 amaro
907 815 1001 858 risu
1043 819 1194 871 rogat:
1243 815 1328 868 „Et
1369 815 1583 872 quisnam
1617 819 1684 858 est
1715 815 1994 868 mortalium,
2026 813 2107 871 qui

478 886 702 929 eiusmodi
743 899 854 929 sono
895 886 954 929 ad
984 885 1100 929 imas
1131 900 1275 943 usque
1308 885 1532 929 medullas
1563 885 1900 942 percutiatur?''
1931 885 2108 929 Passim

477 957 619 1013 igitur
648 970 784 1000 sensu
815 956 1118 1013 διαχαράσσεται
1149 956 1412 1000 adhibitum
1442 971 1537 1000 esse
1570 971 1730 1001 censeo
1753 957 1800 1015 l).

537 1097 796 1145 256—282.
847 1099 978 1153 Risit,
1031 1099 1207 1155 opinor,
1260 1098 1447 1155 Cyllene
1500 1098 1628 1142 fictas
1674 1098 1816 1142 Sileni
1861 1098 2109 1143 blanditias

478 1171 765 1228 grandesque
797 1170 966 1224 titulos,
999 1170 1077 1213 sed
1109 1170 1263 1213 ridens
1294 1170 1520 1227 quidquid
1551 1169 1704 1213 adhuc
1734 1169 1829 1214 irae
1860 1173 2108 1227 supererat,

479 1241 689 1299 deposuit
720 1245 765 1285 et
794 1241 990 1285 libenter
1021 1240 1183 1298 arripit
1204 1241 1489 1284 occasionem
1511 1241 1764 1284 disserendi
1785 1241 1842 1284 de
1862 1241 2107 1295 infantulo,

480 1313 564 1356 deo
581 1312 770 1370 quidem
787 1312 995 1356 adultero
1013 1316 1058 1356 et
1072 1312 1245 1357 furtivo
1267 1326 1421 1355 amore
1444 1315 1566 1368 nato,
1588 1315 1637 1355 at
1653 1346 1782 1356 .....
1804 1326 1886 1355 suo
1906 1311 2108 1363 alumno,

482 1385 605 1442 quod
636 1385 735 1427 iure
767 1383 990 1441 gloriatur
1021 1398 1087 1428 VS.
1121 1383 1207 1427 266
1238 1391 1385 1425 τοῦτον
1417 1382 1457 1425 δὲ
1489 1385 1590 1438 χερσὶ
1622 1392 1714 1424 ταῖσ
1735 1384 1851 1436 ἐμαῖσ
1871 1383 1946 1434 ἓγὼ
1967 1383 2108 1438 τρέφω.

482 1455 668 1499 Etenim
715 1469 850 1499 verae
883 1458 949 1498 est
980 1454 1173 1498 nutricis
1204 1454 1398 1497 summis
1427 1453 1642 1497 laudibus
1673 1453 1903 1511 pupulum
1934 1469 2111 1509 ornare,

483 1541 588 1570 cum
631 1526 901 1583 praesertim
941 1526 1093 1569 infans
1134 1525 1212 1569 ille
1245 1529 1481 1582 tantopere
1514 1525 1674 1569 ceteris
1706 1529 1916 1582 praestet.
1949 1526 2112 1583 Itaque

481 1613 576 1642 non
607 1598 845 1651 miramur,
877 1597 1021 1640 immo
1053 1611 1194 1654 quam
1227 1597 1428 1640 maxime
1460 1597 1727 1653 gaudemus,
1761 1611 1866 1640 cum
1898 1597 2113 1641 audimus

484 1670 725 1726 Cyllenam
762 1668 885 1712 dulci
926 1668 1202 1726 loquacitate
1245 1667 1418 1724 Satyris
1459 1672 1765 1722 enarrantem,
1799 1671 1974 1725 quanta
2005 1682 2114 1712 cura

482 1745 638 1785 noctes
684 1740 872 1796 diesque
919 1739 1106 1783 delicias
1152 1753 1256 1782 suas
1301 1739 1467 1793 foveat,
1515 1753 1657 1796 quam
1702 1742 1911 1783 accurate
1957 1738 2111 1782 cibum

482 1812 806 1869 potionemque
838 1810 1020 1868 aliaque
1052 1810 1210 1853 omnia
1240 1810 1493 1867 provideat,
1526 1810 1665 1866 idque
1689 1824 1783 1853 non
1803 1810 1986 1865 frustra,
2003 1823 2113 1854 nam

483 1883 668 1937 mirum,
702 1886 930 1938 quantum
961 1895 1087 1924 nunc
1118 1885 1289 1925 ceteros
1316 1894 1423 1924 suae
1445 1881 1606 1924 aetatis
1627 1880 1879 1924 infantulos
1900 1881 2115 1925 omnibus

482 1954 618 1998 rebus
649 1957 845 2011 superet.
878 1953 995 1996 Cum
1027 1953 1111 1996 hac
1142 1952 1333 1995 nutricis
1365 1967 1559 2008 persona
1591 1953 1646 1996 cf.
1671 1952 1883 2009 Aeschyl.
1908 1952 2112 2010 Choeph.

485 2025 569 2069 755
591 2040 688 2082 sqq.
731 2026 779 2066 οὐ
820 2024 897 2078 γάρ
939 2041 976 2064 τι
1017 2033 1143 2076 φωνεῖ
1171 2032 1270 2065 παῖσ
1299 2023 1358 2065 ἔτ’
1389 2024 1447 2066 ὢν
1479 2025 1519 2065 ἓν
1549 2024 1809 2078 σπαργάνοισ,
1846 2023 1850 2082 Ι
1884 2025 1914 2065 εἰ
1946 2022 2061 2077 λιμὸσ
2091 2024 2116 2078 ἢ

483 2096 571 2151 δίψ’
617 2097 654 2138 εἴ
690 2111 752 2138 τισ
792 2097 816 2151 ἢ
857 2094 1048 2150 λιψουρία
1083 2095 1086 2154 ᾗ
1120 2095 1206 2151 ’ἐχει-
1250 2109 1401 2153 neque
1445 2095 1596 2139 aliena
1634 2095 1850 2139 videntur
1883 2095 1960 2140 Ar.
1994 2094 2113 2140 Nub.

485 2169 601 2212 1380
633 2182 745 2225 sqq.,
779 2167 916 2211 Hom.
950 2167 974 2210 Ι
1007 2167 1105 2221 485,
1140 2170 1187 2207 Χ
1217 2167 1317 2211 500.

544 2309 650 2355 259.
690 2310 851 2354 Iovem
891 2323 1031 2366 quam
1074 2308 1277 2352 maxime
1319 2309 1560 2363 curavisse,
1603 2322 1660 2352 ne
1701 2309 1824 2352 furta
1855 2322 1937 2351 sua
1967 2312 2118 2352 essent

491 2383 565 2436 „in
596 2385 690 2425 toto
722 2381 962 2424 notissima
993 2380 1150 2424 fabula
1182 2380 1334 2423 coelo’'
1368 2379 1470 2435 (Ov.
1503 2379 1612 2423 Met.
1647 2379 1727 2423 IV.
1759 2380 1876 2437 189),
1909 2394 2002 2422 non
2034 2383 2114 2435 est,

487 2453 608 2510 quod
641 2453 887 2507 miremur;
920 2466 1106 2496 causam
1138 2451 1280 2508 igitur
1311 2465 1404 2494 non
1436 2451 1585 2504 video,
1619 2465 1700 2494 cur
1721 2465 1827 2494 cum
1850 2450 2118 2507 Vollgraffio

487 2525 550 2568 sic
582 2524 733 2581 potius
765 2524 1043 2580 distinguas:

547 2598 612 2636 καὶ
643 2597 720 2649 γὰρ
752 2596 968 2649 κέκρυπται
1000 2594 1180 2649 τοῦργον,
1214 2595 1255 2635 ἓν
1286 2599 1394 2635 θεῶν
1427 2592 1558 2646 ἓδραισ

548 2665 688 2722 ζἨροω)
720 2668 833 2708 ὅπωσ
863 2669 918 2720 μὴ
949 2668 1094 2708 πύστισ
1123 2665 1249 2714 ἵξεται
1280 2663 1412 2716 λόγου.

549 2737 615 2782 Cf.
659 2737 834 2795 Hymn.
878 2738 1017 2781 Mero.
1061 2752 1126 2782 VS.
1160 2736 1186 2779 8
1229 2734 1370 2789 λήθων
1413 2735 1653 2777 ἀθανάτουσ
1694 2751 1736 2777 τε
1780 2736 1899 2776 &foto
1939 2735 2120 2789 θνητούσ

490 2813 527 2850 τ’
560 2810 818 2863 ἀνθρώπουσ.

544 2990 573 3030 1)
608 2987 747 3022 Eodem
781 2986 860 3021 fere
896 2985 1006 3021 modo
1033 2985 1298 3031 Vollgraffius:
1326 2984 1450 3027 „risus
1475 2983 1658 3030 captandi
1683 2994 1800 3019 causa
1825 2984 1898 3018 κατ’
1922 2987 2122 3029 ἀντίφρασιν

492 3057 558 3092 pro
587 3050 742 3092 τέρπεται
768 3046 936 3092 positum
964 3045 1057 3080 est.’'
1081 3049 1121 3080 et
1139 3043 1463 3080 Wilamowitzius
1480 3046 1651 3078 vertens:
1672 3043 1749 3088 „sie
1765 3042 1860 3088 geht
1874 3042 1994 3077 durch
2013 3041 2121 3078 Μυῒ

494 3105 569 3140 und
600 3105 727 3142 Bein.''
753 3105 866 3141 Sond.
894 3105 940 3141 5².
