<?xml version="1.0" encoding="UTF-8"?>
<!DOCTYPE html PUBLIC "-//W3C//DTD XHTML 1.0 Transitional//EN"
    "http://www.w3.org/TR/xhtml1/DTD/xhtml1-transitional.dtd">
<html xmlns="http://www.w3.org/1999/xhtml" xml:lang="en" lang="en">
 <head>
  <title>
</title>
<meta http-equiv="Content-Type" content="text/html;charset=utf-8" />
  <meta name='ocr-system' content='tesseract 3.04.00' />
  <meta name='ocr-capabilities' content='ocr_page ocr_carea ocr_par ocr_line ocrx_word'/>
</head>
<body>
  <div class='ocr_page' id='page_1' title='image "./desophoclisindag00spoeuoft_0044.png"; bbox 0 0 2274 3750; ppageno 0'>
   <div class='ocr_carea' id='block_1_1' title="bbox 1181 345 1411 388">
    <p class='ocr_par' dir='ltr' id='par_1_1' title="bbox 1181 345 1411 388">
     <span class='ocr_line' id='line_1_1' title="bbox 1181 345 1411 388; baseline 0.004 -12"><span class='ocrx_word' id='word_1_1' title='bbox 1181 370 1238 376; x_wconf 68' lang='grc'>,-</span> <span class='ocrx_word' id='word_1_2' title='bbox 1270 345 1411 388; x_wconf 72' lang='grc'>28.-</span> 
     </span>
    </p>
   </div>
   <div class='ocr_carea' id='block_1_2' title="bbox 479 475 2115 675">
    <p class='ocr_par' dir='ltr' id='par_1_2' title="bbox 479 475 2115 675">
     <span class='ocr_line' id='line_1_2' title="bbox 480 475 2110 535; baseline 0.003 -18"><span class='ocrx_word' id='word_1_3' title='bbox 480 475 663 518; x_wconf 83' lang='lat' dir='ltr'>Silenus</span> <span class='ocrx_word' id='word_1_4' title='bbox 703 479 756 518; x_wconf 92' lang='lat' dir='ltr'>ut</span> <span class='ocrx_word' id='word_1_5' title='bbox 797 475 1067 531; x_wconf 81' lang='lat' dir='ltr'><strong>Satyrorum</strong></span> <span class='ocrx_word' id='word_1_6' title='bbox 1098 475 1277 519; x_wconf 88' lang='lat' dir='ltr'>animos</span> <span class='ocrx_word' id='word_1_7' title='bbox 1308 477 1560 530; x_wconf 83' lang='lat' dir='ltr'>confirmet,</span> <span class='ocrx_word' id='word_1_8' title='bbox 1594 491 1759 520; x_wconf 89' lang='lat' dir='ltr'>sonum</span> <span class='ocrx_word' id='word_1_9' title='bbox 1790 477 1937 532; x_wconf 82' lang='lat' dir='ltr'>illum,</span> <span class='ocrx_word' id='word_1_10' title='bbox 1969 491 2110 535; x_wconf 85' lang='lat' dir='ltr'>quem</span> 
     </span>
     <span class='ocr_line' id='line_1_3' title="bbox 479 546 2108 604; baseline 0.003 -16"><span class='ocrx_word' id='word_1_11' title='bbox 479 546 616 589; x_wconf 91' lang='lat' dir='ltr'>modo</span> <span class='ocrx_word' id='word_1_12' title='bbox 658 546 751 589; x_wconf 88' lang='lat' dir='ltr'>iam</span> <span class='ocrx_word' id='word_1_13' title='bbox 792 546 951 602; x_wconf 75' lang='grc' dir='ltr'><em>κέρχνον</em></span> <span class='ocrx_word' id='word_1_14' title='bbox 994 546 1256 591; x_wconf 87' lang='lat' dir='ltr'>nominavit</span> <span class='ocrx_word' id='word_1_15' title='bbox 1296 547 1379 604; x_wconf 84' lang='lat' dir='ltr'>(vs,</span> <span class='ocrx_word' id='word_1_16' title='bbox 1424 547 1541 603; x_wconf 86' lang='lat'>128),</span> <span class='ocrx_word' id='word_1_17' title='bbox 1589 562 1714 590; x_wconf 90' lang='lat' dir='ltr'>nunc</span> <span class='ocrx_word' id='word_1_18' title='bbox 1760 548 1900 591; x_wconf 88' lang='lat' dir='ltr'>etiam</span> <span class='ocrx_word' id='word_1_19' title='bbox 1945 548 2108 593; x_wconf 75' lang='lat' dir='ltr'>dulcem</span> 
     </span>
     <span class='ocr_line' id='line_1_4' title="bbox 479 616 2115 675; baseline 0.003 -16"><span class='ocrx_word' id='word_1_20' title='bbox 479 616 957 673; x_wconf 80' lang='lat' dir='ltr'>(‚,schmeichlerisch’&#39;</span> <span class='ocrx_word' id='word_1_21' title='bbox 990 618 1129 662; x_wconf 75' lang='lat' dir='ltr'>vertit</span> <span class='ocrx_word' id='word_1_22' title='bbox 1159 617 1395 673; x_wconf 87' lang='lat' dir='ltr'>Koertius)</span> <span class='ocrx_word' id='word_1_23' title='bbox 1427 632 1589 663; x_wconf 86' lang='lat' dir='ltr'>vocare</span> <span class='ocrx_word' id='word_1_24' title='bbox 1615 619 1742 662; x_wconf 89' lang='lat' dir='ltr'>haud</span> <span class='ocrx_word' id='word_1_25' title='bbox 1763 618 2005 675; x_wconf 86' lang='lat' dir='ltr'>illepidum</span> <span class='ocrx_word' id='word_1_26' title='bbox 2026 622 2115 665; x_wconf 58' lang='lat' dir='ltr'>est.</span> 
     </span>
    </p>
   </div>
   <div class='ocr_carea' id='block_1_3' title="bbox 476 758 2109 1032">
    <p class='ocr_par' dir='ltr' id='par_1_3' title="bbox 476 758 2109 1032">
     <span class='ocr_line' id='line_1_5' title="bbox 539 758 2107 818; baseline 0.001 -15"><span class='ocrx_word' id='word_1_27' title='bbox 539 758 636 804; x_wconf 78' lang='lat'>156.</span> <span class='ocrx_word' id='word_1_28' title='bbox 669 759 954 815; x_wconf 74' lang='grc' dir='ltr'><strong><em>χρυσόφαντον.</em></strong></span> <span class='ocrx_word' id='word_1_29' title='bbox 988 759 1107 804; x_wconf 82' lang='lat' dir='ltr'>Vide</span> <span class='ocrx_word' id='word_1_30' title='bbox 1139 760 1197 803; x_wconf 78' lang='lat' dir='ltr'>ad</span> <span class='ocrx_word' id='word_1_31' title='bbox 1230 775 1293 805; x_wconf 85' lang='lat' dir='ltr'>VS.</span> <span class='ocrx_word' id='word_1_32' title='bbox 1318 760 1388 804; x_wconf 85' lang='lat'>45.</span> <span class='ocrx_word' id='word_1_33' title='bbox 1422 760 1541 804; x_wconf 81' lang='lat' dir='ltr'>Cum</span> <span class='ocrx_word' id='word_1_34' title='bbox 1563 760 1786 804; x_wconf 89' lang='lat' dir='ltr'>vocabulo</span> <span class='ocrx_word' id='word_1_35' title='bbox 1807 761 1882 805; x_wconf 94' lang='lat' dir='ltr'>hic</span> <span class='ocrx_word' id='word_1_36' title='bbox 1904 760 2107 818; x_wconf 83' lang='lat' dir='ltr'>primum</span> 
     </span>
     <span class='ocr_line' id='line_1_6' title="bbox 479 830 2109 889; baseline 0.001 -16"><span class='ocrx_word' id='word_1_37' title='bbox 479 830 595 874; x_wconf 91' lang='lat' dir='ltr'>lecto</span> <span class='ocrx_word' id='word_1_38' title='bbox 613 834 847 887; x_wconf 87' lang='lat' dir='ltr'>comparat</span> <span class='ocrx_word' id='word_1_39' title='bbox 864 831 1193 874; x_wconf 86' lang='lat' dir='ltr'>Muenscherus</span> <span class='ocrx_word' id='word_1_40' title='bbox 1210 832 1694 888; x_wconf 64' lang='grc' dir='ltr'>χρυσοφάεννοσ(Αηὶιοῐ·.</span> <span class='ocrx_word' id='word_1_41' title='bbox 1712 833 1765 876; x_wconf 87' lang='lat' dir='ltr'>fr.</span> <span class='ocrx_word' id='word_1_42' title='bbox 1780 831 1868 889; x_wconf 83' lang='lat'>25),</span> <span class='ocrx_word' id='word_1_43' title='bbox 1885 832 2109 888; x_wconf 81' lang='grc' dir='ltr'><em>χρυσοφαήσ</em></span> 
     </span>
     <span class='ocr_line' id='line_1_7' title="bbox 476 901 2106 960; baseline 0.001 -16"><span class='ocrx_word' id='word_1_44' title='bbox 476 902 603 957; x_wconf 87' lang='lat' dir='ltr'>(Eur.</span> <span class='ocrx_word' id='word_1_45' title='bbox 646 901 788 959; x_wconf 89' lang='lat' dir='ltr'>Hipp.</span> <span class='ocrx_word' id='word_1_46' title='bbox 834 901 963 956; x_wconf 81' lang='lat'>1275,</span> <span class='ocrx_word' id='word_1_47' title='bbox 997 902 1109 946; x_wconf 89' lang='lat' dir='ltr'>Hec.</span> <span class='ocrx_word' id='word_1_48' title='bbox 1144 903 1261 960; x_wconf 87' lang='grc'>636),</span> <span class='ocrx_word' id='word_1_49' title='bbox 1295 903 1558 958; x_wconf 80' lang='grc' dir='ltr'><em>χρυσοφάνιοσ</em></span> <span class='ocrx_word' id='word_1_50' title='bbox 1589 902 1782 959; x_wconf 88' lang='lat' dir='ltr'>(Hymu.</span> <span class='ocrx_word' id='word_1_51' title='bbox 1815 903 1950 947; x_wconf 88' lang='lat' dir='ltr'>Dian.</span> <span class='ocrx_word' id='word_1_52' title='bbox 1982 903 2106 959; x_wconf 86' lang='lat' dir='ltr'>apud</span> 
     </span>
     <span class='ocr_line' id='line_1_8' title="bbox 477 972 2106 1032; baseline 0.001 -17"><span class='ocrx_word' id='word_1_53' title='bbox 477 973 647 1016; x_wconf 80' lang='lat' dir='ltr'>Athen.</span> <span class='ocrx_word' id='word_1_54' title='bbox 690 972 818 1018; x_wconf 90' lang='lat' dir='ltr'><strong>XIV.</strong></span> <span class='ocrx_word' id='word_1_55' title='bbox 862 974 948 1016; x_wconf 83' lang='lat'>636</span> <span class='ocrx_word' id='word_1_56' title='bbox 995 973 1067 1028; x_wconf 92' lang='lat' dir='ltr'>D),</span> <span class='ocrx_word' id='word_1_57' title='bbox 1110 974 1360 1029; x_wconf 76' lang='grc' dir='ltr'><em>χρυσοφανήσ</em></span> <span class='ocrx_word' id='word_1_58' title='bbox 1398 973 1596 1030; x_wconf 84' lang='lat' dir='ltr'>(Aelian.</span> <span class='ocrx_word' id='word_1_59' title='bbox 1639 974 1759 1018; x_wconf 77' lang='lat' dir='ltr'>Hist.</span> <span class='ocrx_word' id='word_1_60' title='bbox 1797 974 1938 1018; x_wconf 80' lang='lat' dir='ltr'>anim.</span> <span class='ocrx_word' id='word_1_61' title='bbox 1973 974 2106 1032; x_wconf 63' lang='lat'>172),</span> 
     </span>
    </p>
   </div>
   <div class='ocr_carea' id='block_1_4' title="bbox 475 1043 1785 1232">
    <p class='ocr_par' dir='ltr' id='par_1_4' title="bbox 475 1043 1785 1232">
     <span class='ocr_line' id='line_1_9' title="bbox 475 1043 1269 1101; baseline 0.004 -16"><span class='ocrx_word' id='word_1_62' title='bbox 475 1044 740 1100; x_wconf 65' lang='grc' dir='ltr'>χρυσοφεγγήσ</span> <span class='ocrx_word' id='word_1_63' title='bbox 770 1043 1000 1101; x_wconf 83' lang='lat' dir='ltr'>(Aeschyl.</span> <span class='ocrx_word' id='word_1_64' title='bbox 1033 1044 1118 1101; x_wconf 87' lang='lat' dir='ltr'>Ag.</span> <span class='ocrx_word' id='word_1_65' title='bbox 1152 1045 1269 1100; x_wconf 84' lang='grc'>288).</span> 
     </span>
     <span class='ocr_line' id='line_1_10' title="bbox 484 1173 1785 1232; baseline 0.001 -14"><span class='ocrx_word' id='word_1_66' title='bbox 484 1181 488 1183; x_wconf 71' lang='grc'><strong><em>’</em></strong></span> <span class='ocrx_word' id='word_1_67' title='bbox 534 1173 631 1219; x_wconf 82' lang='grc'>159.</span> <span class='ocrx_word' id='word_1_68' title='bbox 663 1177 760 1228; x_wconf 83' lang='grc' dir='ltr'><em>ὑμῖν</em></span> <span class='ocrx_word' id='word_1_69' title='bbox 791 1191 833 1217; x_wconf 71' lang='grc' dir='ltr'>τε</span> <span class='ocrx_word' id='word_1_70' title='bbox 863 1176 997 1229; x_wconf 79' lang='grc' dir='ltr'>κάμοί,</span> <span class='ocrx_word' id='word_1_71' title='bbox 1037 1175 1205 1230; x_wconf 87' lang='lat' dir='ltr'>„vobis‚</span> <span class='ocrx_word' id='word_1_72' title='bbox 1237 1175 1315 1219; x_wconf 86' lang='lat' dir='ltr'>sed</span> <span class='ocrx_word' id='word_1_73' title='bbox 1349 1175 1465 1218; x_wconf 90' lang='lat' dir='ltr'>mihi</span> <span class='ocrx_word' id='word_1_74' title='bbox 1497 1175 1785 1232; x_wconf 89' lang='lat' dir='ltr'>praecipue.&#39;&#39;</span> 
     </span>
    </p>
   </div>
   <div class='ocr_carea' id='block_1_5' title="bbox 475 1303 2106 1648">
    <p class='ocr_par' dir='ltr' id='par_1_5' title="bbox 475 1303 2106 1648">
     <span class='ocr_line' id='line_1_11' title="bbox 531 1303 2106 1363; baseline 0.002 -18"><span class='ocrx_word' id='word_1_75' title='bbox 531 1303 628 1350; x_wconf 80' lang='grc'><strong>160.</strong></span> <span class='ocrx_word' id='word_1_76' title='bbox 671 1306 1030 1359; x_wconf 71' lang='grc' dir='ltr'><em>ἆνανοστήσαντεσ.</em></span> <span class='ocrx_word' id='word_1_77' title='bbox 1074 1305 1140 1349; x_wconf 80' lang='lat' dir='ltr'>Cf.</span> <span class='ocrx_word' id='word_1_78' title='bbox 1175 1306 1232 1349; x_wconf 87' lang='lat' dir='ltr'>ad</span> <span class='ocrx_word' id='word_1_79' title='bbox 1265 1320 1352 1349; x_wconf 88' lang='lat' dir='ltr'>vss.</span> <span class='ocrx_word' id='word_1_80' title='bbox 1388 1306 1472 1348; x_wconf 82' lang='lat'>125</span> <span class='ocrx_word' id='word_1_81' title='bbox 1495 1319 1592 1363; x_wconf 87' lang='lat' dir='ltr'><strong>sqq.</strong></span> <span class='ocrx_word' id='word_1_82' title='bbox 1636 1307 1871 1348; x_wconf 69' lang='grc' dir='ltr'><em>ἀνανοστεῐν</em></span> <span class='ocrx_word' id='word_1_83' title='bbox 1902 1305 2015 1362; x_wconf 88' lang='lat' dir='ltr'>quin</span> <span class='ocrx_word' id='word_1_84' title='bbox 2047 1305 2106 1350; x_wconf 81' lang='lat' dir='ltr'>sit</span> 
     </span>
     <span class='ocr_line' id='line_1_12' title="bbox 479 1375 2104 1435; baseline 0.001 -17"><span class='ocrx_word' id='word_1_85' title='bbox 479 1375 590 1428; x_wconf 87' lang='lat' dir='ltr'>„iter</span> <span class='ocrx_word' id='word_1_86' title='bbox 621 1376 850 1433; x_wconf 87' lang='lat' dir='ltr'>relegere”</span> <span class='ocrx_word' id='word_1_87' title='bbox 882 1377 982 1434; x_wconf 89' lang='lat' dir='ltr'>(auf</span> <span class='ocrx_word' id='word_1_88' title='bbox 1009 1377 1099 1420; x_wconf 92' lang='lat' dir='ltr'>den</span> <span class='ocrx_word' id='word_1_89' title='bbox 1132 1377 1248 1432; x_wconf 89' lang='lat' dir='ltr'>Weg</span> <span class='ocrx_word' id='word_1_90' title='bbox 1279 1377 1659 1435; x_wconf 81' lang='lat' dir='ltr'>zuriickkehren),</span> <span class='ocrx_word' id='word_1_91' title='bbox 1691 1377 1885 1421; x_wconf 87' lang='lat' dir='ltr'>dubium</span> <span class='ocrx_word' id='word_1_92' title='bbox 1908 1391 2002 1420; x_wconf 87' lang='lat' dir='ltr'>non</span> <span class='ocrx_word' id='word_1_93' title='bbox 2023 1381 2104 1421; x_wconf 84' lang='lat' dir='ltr'>est.</span> 
     </span>
     <span class='ocr_line' id='line_1_13' title="bbox 475 1436 2104 1506; baseline 0.002 -17"><span class='ocrx_word' id='word_1_94' title='bbox 475 1446 565 1490; x_wconf 87' lang='lat' dir='ltr'>Fac</span> <span class='ocrx_word' id='word_1_95' title='bbox 598 1447 723 1490; x_wconf 90' lang='lat' dir='ltr'>enim</span> <span class='ocrx_word' id='word_1_96' title='bbox 756 1451 906 1492; x_wconf 91' lang='lat' dir='ltr'>vertas</span> <span class='ocrx_word' id='word_1_97' title='bbox 938 1462 1043 1491; x_wconf 88' lang='lat' dir='ltr'>cum</span> <span class='ocrx_word' id='word_1_98' title='bbox 1067 1447 1246 1491; x_wconf 87' lang='lat' dir='ltr'>Huntio</span> <span class='ocrx_word' id='word_1_99' title='bbox 1274 1448 1539 1504; x_wconf 78' lang='lat' dir='ltr'>„persequi”</span> <span class='ocrx_word' id='word_1_100' title='bbox 1564 1449 1781 1506; x_wconf 86' lang='lat' dir='ltr'>(pursue),</span> <span class='ocrx_word' id='word_1_101' title='bbox 1805 1451 1986 1506; x_wconf 88' lang='lat' dir='ltr'>praeter</span> <span class='ocrx_word' id='word_1_102' title='bbox 2008 1436 2104 1492; x_wconf 49' lang='lat' dir='ltr'>v&#39;er-</span> 
     </span>
     <span class='ocr_line' id='line_1_14' title="bbox 476 1517 2104 1576; baseline 0.002 -16"><span class='ocrx_word' id='word_1_103' title='bbox 476 1518 589 1560; x_wconf 91' lang='lat' dir='ltr'>bum</span> <span class='ocrx_word' id='word_1_104' title='bbox 631 1527 783 1560; x_wconf 68' lang='grc' dir='ltr'><em>νοστεῑν</em></span> <span class='ocrx_word' id='word_1_105' title='bbox 826 1519 1076 1562; x_wconf 80' lang='lat' dir='ltr'>contortius</span> <span class='ocrx_word' id='word_1_106' title='bbox 1107 1533 1232 1562; x_wconf 89' lang='lat' dir='ltr'>nunc</span> <span class='ocrx_word' id='word_1_107' title='bbox 1264 1519 1559 1576; x_wconf 83' lang='lat' dir='ltr'>explicatum,</span> <span class='ocrx_word' id='word_1_108' title='bbox 1598 1519 1709 1576; x_wconf 89' lang='lat' dir='ltr'>quid</span> <span class='ocrx_word' id='word_1_109' title='bbox 1743 1521 1839 1561; x_wconf 81' lang='grc' dir='ltr'><em>ἀνα·</em></span> <span class='ocrx_word' id='word_1_110' title='bbox 1870 1519 1985 1563; x_wconf 90' lang='lat' dir='ltr'>illud</span> <span class='ocrx_word' id='word_1_111' title='bbox 2017 1517 2104 1563; x_wconf 85' lang='lat' dir='ltr'>sibi</span> 
     </span>
     <span class='ocr_line' id='line_1_15' title="bbox 478 1589 1808 1648; baseline 0.001 -15"><span class='ocrx_word' id='word_1_112' title='bbox 478 1589 604 1644; x_wconf 78' lang='lat' dir='ltr'>velit,</span> <span class='ocrx_word' id='word_1_113' title='bbox 638 1589 763 1633; x_wconf 88' lang='lat' dir='ltr'>haud</span> <span class='ocrx_word' id='word_1_114' title='bbox 795 1590 928 1634; x_wconf 80' lang='lat' dir='ltr'>facile</span> <span class='ocrx_word' id='word_1_115' title='bbox 959 1590 1095 1633; x_wconf 81' lang='lat' dir='ltr'>dicas.</span> <span class='ocrx_word' id='word_1_116' title='bbox 1130 1590 1202 1646; x_wconf 86' lang='lat' dir='ltr'>(cf.</span> <span class='ocrx_word' id='word_1_117' title='bbox 1237 1590 1523 1646; x_wconf 70' lang='grc' dir='ltr'>ἀναχάζεσθαι,</span> <span class='ocrx_word' id='word_1_118' title='bbox 1557 1591 1808 1648; x_wconf 69' lang='grc' dir='ltr'>ἀναχωρεῖν.)</span> 
     </span>
    </p>
   </div>
   <div class='ocr_carea' id='block_1_6' title="bbox 529 1718 2099 1778">
    <p class='ocr_par' dir='ltr' id='par_1_6' title="bbox 529 1718 2099 1778">
     <span class='ocr_line' id='line_1_16' title="bbox 529 1718 2099 1778; baseline 0 -14"><span class='ocrx_word' id='word_1_119' title='bbox 529 1719 612 1764; x_wconf 85' lang='grc'>161.</span> <span class='ocrx_word' id='word_1_120' title='bbox 634 1721 705 1762; x_wconf 86' lang='grc' dir='ltr'>τὸν</span> <span class='ocrx_word' id='word_1_121' title='bbox 726 1718 932 1776; x_wconf 76' lang='grc' dir='ltr'>βουκόλον,</span> <span class='ocrx_word' id='word_1_122' title='bbox 957 1724 1001 1764; x_wconf 86' lang='lat' dir='ltr'>et</span> <span class='ocrx_word' id='word_1_123' title='bbox 1012 1720 1200 1764; x_wconf 85' lang='lat' dir='ltr'>bubulci</span> <span class='ocrx_word' id='word_1_124' title='bbox 1213 1721 1338 1764; x_wconf 90' lang='lat' dir='ltr'>enim</span> <span class='ocrx_word' id='word_1_125' title='bbox 1351 1725 1660 1778; x_wconf 87' lang='lat' dir='ltr'>cognoverant</span> <span class='ocrx_word' id='word_1_126' title='bbox 1673 1721 1878 1778; x_wconf 87' lang='lat' dir='ltr'>vestigia,</span> <span class='ocrx_word' id='word_1_127' title='bbox 1891 1719 1983 1766; x_wconf 87' lang='lat' dir='ltr'>vid.</span> <span class='ocrx_word' id='word_1_128' title='bbox 2001 1720 2099 1765; x_wconf 90' lang='lat'>117.</span> 
     </span>
    </p>
   </div>
   <div class='ocr_carea' id='block_1_7' title="bbox 462 1849 2100 3043">
    <p class='ocr_par' dir='ltr' id='par_1_7' title="bbox 466 1849 2100 2335">
     <span class='ocr_line' id='line_1_17' title="bbox 527 1849 2100 1908; baseline 0.003 -17"><span class='ocrx_word' id='word_1_129' title='bbox 527 1849 620 1895; x_wconf 81' lang='grc'>162.</span> <span class='ocrx_word' id='word_1_130' title='bbox 652 1849 859 1893; x_wconf 54' lang='lat' dir='ltr'>ululo-vno</span> <span class='ocrx_word' id='word_1_131' title='bbox 874 1852 993 1904; x_wconf 76' lang='grc' dir='ltr'><em>αὐτ-ῆι</em></span> <span class='ocrx_word' id='word_1_132' title='bbox 1010 1849 1148 1892; x_wconf 69' lang='grc' dir='ltr'><em>δειλίαι</em></span> <span class='ocrx_word' id='word_1_133' title='bbox 1167 1851 1425 1908; x_wconf 64' lang='grc' dir='ltr'><strong>ψοφή[σ]ετε.</strong></span> <span class='ocrx_word' id='word_1_134' title='bbox 1446 1851 1616 1896; x_wconf 82' lang='lat' dir='ltr'>Versus</span> <span class='ocrx_word' id='word_1_135' title='bbox 1636 1850 1880 1895; x_wconf 82' lang='lat' dir='ltr'>molestior.</span> <span class='ocrx_word' id='word_1_136' title='bbox 1905 1850 2100 1896; x_wconf 73' lang='lat' dir='ltr'>Dativus</span> 
     </span>
     <span class='ocr_line' id='line_1_18' title="bbox 468 1923 2098 1978; baseline 0.001 -14"><span class='ocrx_word' id='word_1_137' title='bbox 468 1936 574 1964; x_wconf 88' lang='lat' dir='ltr'>cum</span> <span class='ocrx_word' id='word_1_138' title='bbox 616 1923 887 1978; x_wconf 81' lang='lat' dir='ltr'>pronomine</span> <span class='ocrx_word' id='word_1_139' title='bbox 929 1923 1070 1973; x_wconf 76' lang='grc' dir='ltr'>αὐτεῠι,</span> <span class='ocrx_word' id='word_1_140' title='bbox 1108 1924 1242 1976; x_wconf 82' lang='grc' dir='ltr'>αὐτῆι,</span> <span class='ocrx_word' id='word_1_141' title='bbox 1284 1924 1437 1974; x_wconf 80' lang='grc' dir='ltr'>αὐτοῑσ,</span> <span class='ocrx_word' id='word_1_142' title='bbox 1481 1925 1629 1964; x_wconf 76' lang='grc' dir='ltr'><em>αὐταῖσ</em></span> <span class='ocrx_word' id='word_1_143' title='bbox 1667 1923 1955 1966; x_wconf 68' lang='lat' dir='ltr'>coniunctus·</span> <span class='ocrx_word' id='word_1_144' title='bbox 1980 1937 2098 1966; x_wconf 85' lang='lat' dir='ltr'>com-</span> 
     </span>
     <span class='ocr_line' id='line_1_19' title="bbox 469 1992 2100 2051; baseline 0.001 -16"><span class='ocrx_word' id='word_1_145' title='bbox 469 1992 641 2049; x_wconf 87' lang='lat' dir='ltr'>pluries</span> <span class='ocrx_word' id='word_1_146' title='bbox 672 1997 717 2036; x_wconf 88' lang='lat' dir='ltr'>et</span> <span class='ocrx_word' id='word_1_147' title='bbox 747 1993 870 2050; x_wconf 90' lang='lat' dir='ltr'>apud</span> <span class='ocrx_word' id='word_1_148' title='bbox 903 1994 1162 2036; x_wconf 85' lang='lat' dir='ltr'>Homerum</span> <span class='ocrx_word' id='word_1_149' title='bbox 1196 1997 1240 2036; x_wconf 88' lang='lat' dir='ltr'>et</span> <span class='ocrx_word' id='word_1_150' title='bbox 1271 1994 1319 2036; x_wconf 91' lang='lat' dir='ltr'>in</span> <span class='ocrx_word' id='word_1_151' title='bbox 1343 1994 1577 2050; x_wconf 79' lang='lat' dir='ltr'>tragoedia</span> <span class='ocrx_word' id='word_1_152' title='bbox 1599 1998 1645 2037; x_wconf 87' lang='lat' dir='ltr'>et</span> <span class='ocrx_word' id='word_1_153' title='bbox 1665 1995 1788 2051; x_wconf 87' lang='lat' dir='ltr'>apud</span> <span class='ocrx_word' id='word_1_154' title='bbox 1816 1993 2012 2038; x_wconf 82' lang='lat' dir='ltr'>comicos</span> <span class='ocrx_word' id='word_1_155' title='bbox 2033 1994 2100 2037; x_wconf 91' lang='lat' dir='ltr'>in-</span> 
     </span>
     <span class='ocr_line' id='line_1_20' title="bbox 469 2063 2099 2122; baseline 0.001 -16"><span class='ocrx_word' id='word_1_156' title='bbox 469 2064 665 2117; x_wconf 85' lang='lat' dir='ltr'>venitur,</span> <span class='ocrx_word' id='word_1_157' title='bbox 714 2067 765 2107; x_wconf 83' lang='lat' dir='ltr'>ut</span> <span class='ocrx_word' id='word_1_158' title='bbox 795 2064 927 2108; x_wconf 85' lang='lat' dir='ltr'>docet</span> <span class='ocrx_word' id='word_1_159' title='bbox 957 2064 1258 2108; x_wconf 88' lang='lat' dir='ltr'>Leeuwenius</span> <span class='ocrx_word' id='word_1_160' title='bbox 1289 2063 1347 2107; x_wconf 87' lang='lat' dir='ltr'>ad</span> <span class='ocrx_word' id='word_1_161' title='bbox 1381 2065 1518 2108; x_wconf 87' lang='lat' dir='ltr'>Arist.</span> <span class='ocrx_word' id='word_1_162' title='bbox 1551 2065 1690 2122; x_wconf 86' lang='lat' dir='ltr'>Vesp.</span> <span class='ocrx_word' id='word_1_163' title='bbox 1726 2065 1811 2108; x_wconf 85' lang='lat'>119</span> <span class='ocrx_word' id='word_1_164' title='bbox 1842 2068 2099 2120; x_wconf 51' lang='lat' dir='ltr'>cramesmu-</span> 
     </span>
     <span class='ocr_line' id='line_1_21' title="bbox 468 2135 2098 2193; baseline 0.003 -17"><span class='ocrx_word' id='word_1_165' title='bbox 468 2135 616 2190; x_wconf 78' lang='grc' dir='ltr'><em>πάνωι,</em></span> <span class='ocrx_word' id='word_1_166' title='bbox 650 2149 766 2192; x_wconf 88' lang='lat' dir='ltr'>quae</span> <span class='ocrx_word' id='word_1_167' title='bbox 800 2136 955 2178; x_wconf 85' lang='lat' dir='ltr'>tamen</span> <span class='ocrx_word' id='word_1_168' title='bbox 978 2135 1255 2178; x_wconf 79' lang='lat' dir='ltr'>constructio</span> <span class='ocrx_word' id='word_1_169' title='bbox 1287 2135 1502 2191; x_wconf 88' lang='lat' dir='ltr'>(belgice:</span> <span class='ocrx_word' id='word_1_170' title='bbox 1542 2139 1662 2189; x_wconf 89' lang='lat' dir='ltr'>„met</span> <span class='ocrx_word' id='word_1_171' title='bbox 1694 2170 1882 2181; x_wconf 88' lang='grc'><strong>.....</strong></span> <span class='ocrx_word' id='word_1_172' title='bbox 1916 2152 1974 2181; x_wconf 91' lang='lat' dir='ltr'>en</span> <span class='ocrx_word' id='word_1_173' title='bbox 1990 2137 2098 2193; x_wconf 85' lang='lat' dir='ltr'>al·.”)</span> 
     </span>
     <span class='ocr_line' id='line_1_22' title="bbox 466 2206 2098 2264; baseline 0.002 -16"><span class='ocrx_word' id='word_1_174' title='bbox 466 2206 557 2249; x_wconf 90' lang='lat' dir='ltr'>huc</span> <span class='ocrx_word' id='word_1_175' title='bbox 598 2220 691 2249; x_wconf 91' lang='lat' dir='ltr'>non</span> <span class='ocrx_word' id='word_1_176' title='bbox 734 2206 942 2263; x_wconf 85' lang='lat' dir='ltr'>quadrat,</span> <span class='ocrx_word' id='word_1_177' title='bbox 985 2206 1128 2249; x_wconf 87' lang='lat' dir='ltr'>immo</span> <span class='ocrx_word' id='word_1_178' title='bbox 1171 2221 1427 2263; x_wconf 88' lang='lat' dir='ltr'>pronomen</span> <span class='ocrx_word' id='word_1_179' title='bbox 1469 2209 1602 2261; x_wconf 80' lang='grc' dir='ltr'>αὐτῆι,</span> <span class='ocrx_word' id='word_1_180' title='bbox 1645 2221 1831 2264; x_wconf 90' lang='lat' dir='ltr'>quoquo</span> <span class='ocrx_word' id='word_1_181' title='bbox 1863 2208 2000 2252; x_wconf 86' lang='lat' dir='ltr'>modo</span> <span class='ocrx_word' id='word_1_182' title='bbox 2030 2208 2098 2252; x_wconf 88' lang='lat' dir='ltr'>in-</span> 
     </span>
     <span class='ocr_line' id='line_1_23' title="bbox 467 2277 2095 2335; baseline 0.002 -15"><span class='ocrx_word' id='word_1_183' title='bbox 467 2277 740 2334; x_wconf 88' lang='lat' dir='ltr'>terpretaris,</span> <span class='ocrx_word' id='word_1_184' title='bbox 783 2292 962 2334; x_wconf 87' lang='lat' dir='ltr'>semper</span> <span class='ocrx_word' id='word_1_185' title='bbox 1002 2292 1339 2334; x_wconf 85' lang='lat' dir='ltr'>supervacuum</span> <span class='ocrx_word' id='word_1_186' title='bbox 1382 2281 1461 2322; x_wconf 88' lang='lat' dir='ltr'>est.</span> <span class='ocrx_word' id='word_1_187' title='bbox 1495 2277 1722 2335; x_wconf 88' lang='lat' dir='ltr'>Equidem</span> <span class='ocrx_word' id='word_1_188' title='bbox 1756 2278 2095 2335; x_wconf 82' lang='lat' dir='ltr'>intellegerem:</span> 
     </span>
    </p>

    <p class='ocr_par' dir='ltr' id='par_1_8' title="bbox 525 2347 1472 2405">
     <span class='ocr_line' id='line_1_24' title="bbox 525 2347 1472 2405; baseline 0.003 -17"><span class='ocrx_word' id='word_1_189' title='bbox 525 2347 733 2391; x_wconf 71' lang='grc' dir='ltr'><em>κλαίοντεσ</em></span> <span class='ocrx_word' id='word_1_190' title='bbox 762 2350 918 2390; x_wconf 80' lang='grc' dir='ltr'><em>αὐτοὶ</em></span> <span class='ocrx_word' id='word_1_191' title='bbox 953 2349 986 2405; x_wconf 87' lang='grc'>1)</span> <span class='ocrx_word' id='word_1_192' title='bbox 1019 2347 1157 2390; x_wconf 74' lang='grc' dir='ltr'><em>δειλίαι</em></span> <span class='ocrx_word' id='word_1_193' title='bbox 1191 2349 1472 2403; x_wconf 68' lang='grc' dir='ltr'><em>ψοφήσετε.</em></span> 
     </span>
    </p>

    <p class='ocr_par' dir='ltr' id='par_1_9' title="bbox 465 2419 2096 2699">
     <span class='ocr_line' id='line_1_25' title="bbox 524 2419 2096 2477; baseline 0 -15"><span class='ocrx_word' id='word_1_194' title='bbox 524 2419 711 2462; x_wconf 76' lang='lat' dir='ltr'>Etenim</span> <span class='ocrx_word' id='word_1_195' title='bbox 741 2420 905 2477; x_wconf 76' lang='lat' dir='ltr'>incipit</span> <span class='ocrx_word' id='word_1_196' title='bbox 936 2419 1117 2463; x_wconf 83' lang='lat' dir='ltr'>Silenus</span> <span class='ocrx_word' id='word_1_197' title='bbox 1150 2421 1189 2460; x_wconf 85' lang='grc' dir='ltr'>τί</span> <span class='ocrx_word' id='word_1_198' title='bbox 1218 2437 1285 2472; x_wconf 87' lang='grc' dir='ltr'>μοι</span> <span class='ocrx_word' id='word_1_199' title='bbox 1319 2421 1452 2474; x_wconf 81' lang='grc' dir='ltr'><strong>ψόφον</strong></span> <span class='ocrx_word' id='word_1_200' title='bbox 1483 2421 1683 2476; x_wconf 65' lang='grc' dir='ltr'>φοβεῖσθε,</span> <span class='ocrx_word' id='word_1_201' title='bbox 1717 2421 1836 2464; x_wconf 79' lang='lat' dir='ltr'>redit</span> <span class='ocrx_word' id='word_1_202' title='bbox 1867 2429 1941 2462; x_wconf 85' lang='grc' dir='ltr'>τοῦ</span> <span class='ocrx_word' id='word_1_203' title='bbox 1961 2422 2096 2476; x_wconf 83' lang='grc' dir='ltr'><strong>ψόφου</strong></span> 
     </span>
     <span class='ocr_line' id='line_1_26' title="bbox 465 2490 2094 2547; baseline 0.002 -15"><span class='ocrx_word' id='word_1_204' title='bbox 465 2490 722 2547; x_wconf 85' lang='lat' dir='ltr'>indignatio</span> <span class='ocrx_word' id='word_1_205' title='bbox 764 2506 851 2535; x_wconf 87' lang='lat' dir='ltr'>vss.</span> <span class='ocrx_word' id='word_1_206' title='bbox 885 2491 969 2534; x_wconf 89' lang='lat'>151</span> <span class='ocrx_word' id='word_1_207' title='bbox 1003 2495 1048 2534; x_wconf 91' lang='lat' dir='ltr'>et</span> <span class='ocrx_word' id='word_1_208' title='bbox 1081 2491 1178 2545; x_wconf 85' lang='lat'>154,</span> <span class='ocrx_word' id='word_1_209' title='bbox 1225 2490 1457 2534; x_wconf 83' lang='lat' dir='ltr'>concludit</span> <span class='ocrx_word' id='word_1_210' title='bbox 1493 2491 1635 2547; x_wconf 86' lang='lat' dir='ltr'>igitur</span> <span class='ocrx_word' id='word_1_211' title='bbox 1665 2492 1942 2537; x_wconf 83' lang='lat' dir='ltr'>orationem:</span> <span class='ocrx_word' id='word_1_212' title='bbox 1981 2493 2094 2547; x_wconf 86' lang='lat' dir='ltr'>„nisi</span> 
     </span>
     <span class='ocr_line' id='line_1_27' title="bbox 465 2561 2093 2619; baseline 0.002 -15"><span class='ocrx_word' id='word_1_213' title='bbox 465 2561 695 2616; x_wconf 85' lang='lat' dir='ltr'>cavebitis,</span> <span class='ocrx_word' id='word_1_214' title='bbox 748 2562 835 2619; x_wconf 73' lang='lat' dir='ltr'>ipsi</span> <span class='ocrx_word' id='word_1_215' title='bbox 880 2562 1173 2606; x_wconf 86' lang='lat' dir='ltr'>lacrimantes</span> <span class='ocrx_word' id='word_1_216' title='bbox 1214 2563 1402 2618; x_wconf 78' lang='lat' dir='ltr'>ignavia</span> <span class='ocrx_word' id='word_1_217' title='bbox 1444 2567 1594 2606; x_wconf 86' lang='lat' dir='ltr'>vestra</span> <span class='ocrx_word' id='word_1_218' title='bbox 1634 2578 1784 2606; x_wconf 78' lang='lat' dir='ltr'>sonum</span> <span class='ocrx_word' id='word_1_219' title='bbox 1824 2563 1990 2617; x_wconf 76' lang='lat' dir='ltr'>edeti8&#39;&#39;,</span> <span class='ocrx_word' id='word_1_220' title='bbox 2034 2579 2093 2609; x_wconf 87' lang='lat' dir='ltr'>sc.</span> 
     </span>
     <span class='ocr_line' id='line_1_28' title="bbox 465 2632 1993 2699; baseline 0.002 -24"><span class='ocrx_word' id='word_1_221' title='bbox 465 2647 571 2675; x_wconf 87' lang='lat' dir='ltr'>cum</span> <span class='ocrx_word' id='word_1_222' title='bbox 604 2633 660 2676; x_wconf 93' lang='lat' dir='ltr'>ob</span> <span class='ocrx_word' id='word_1_223' title='bbox 692 2633 931 2689; x_wconf 87' lang='lat' dir='ltr'>ignaviam</span> <span class='ocrx_word' id='word_1_224' title='bbox 963 2632 1252 2690; x_wconf 86' lang='lat' dir='ltr'>vapulabitis.</span> <span class='ocrx_word' id='word_1_225' title='bbox 1982 2692 1993 2699; x_wconf 48' lang='grc'><em>·</em></span> 
     </span>
    </p>

    <p class='ocr_par' dir='ltr' id='par_1_10' title="bbox 462 2704 2093 3043">
     <span class='ocr_line' id='line_1_29' title="bbox 522 2704 2092 2763; baseline 0.003 -16"><span class='ocrx_word' id='word_1_226' title='bbox 522 2704 650 2755; x_wconf 79' lang='lat' dir='ltr'>Quae</span> <span class='ocrx_word' id='word_1_227' title='bbox 682 2704 836 2747; x_wconf 86' lang='lat' dir='ltr'>attulit</span> <span class='ocrx_word' id='word_1_228' title='bbox 869 2704 1069 2747; x_wconf 89' lang='lat' dir='ltr'>Maasius</span> <span class='ocrx_word' id='word_1_229' title='bbox 1100 2704 1236 2757; x_wconf 91' lang='lat' dir='ltr'>(Berl.</span> <span class='ocrx_word' id='word_1_230' title='bbox 1272 2704 1390 2748; x_wconf 86' lang='lat' dir='ltr'>Phil.</span> <span class='ocrx_word' id='word_1_231' title='bbox 1420 2705 1579 2748; x_wconf 91' lang='lat' dir='ltr'>Woch.</span> <span class='ocrx_word' id='word_1_232' title='bbox 1616 2705 1729 2748; x_wconf 80' lang='lat'>1912</span> <span class='ocrx_word' id='word_1_233' title='bbox 1751 2721 1854 2763; x_wconf 83' lang='lat' dir='ltr'>pag.</span> <span class='ocrx_word' id='word_1_234' title='bbox 1880 2707 2019 2762; x_wconf 79' lang='lat'>1076).</span> <span class='ocrx_word' id='word_1_235' title='bbox 2034 2706 2092 2750; x_wconf 85' lang='lat' dir='ltr'>ad</span> 
     </span>
     <span class='ocr_line' id='line_1_30' title="bbox 462 2774 2092 2835; baseline 0.002 -18"><span class='ocrx_word' id='word_1_236' title='bbox 462 2774 753 2831; x_wconf 85' lang='lat' dir='ltr'>probandum</span> <span class='ocrx_word' id='word_1_237' title='bbox 771 2779 924 2819; x_wconf 89' lang='lat' dir='ltr'>nostro</span> <span class='ocrx_word' id='word_1_238' title='bbox 940 2775 1040 2819; x_wconf 88' lang='lat' dir='ltr'>loco</span> <span class='ocrx_word' id='word_1_239' title='bbox 1061 2784 1205 2829; x_wconf 68' lang='grc' dir='ltr'><em>ψοφεῖν</em></span> <span class='ocrx_word' id='word_1_240' title='bbox 1222 2776 1346 2818; x_wconf 89' lang='lat' dir='ltr'>idem</span> <span class='ocrx_word' id='word_1_241' title='bbox 1365 2791 1458 2819; x_wconf 86' lang='lat' dir='ltr'>esse</span> <span class='ocrx_word' id='word_1_242' title='bbox 1476 2780 1614 2833; x_wconf 87' lang='lat' dir='ltr'>atque</span> <span class='ocrx_word' id='word_1_243' title='bbox 1633 2777 1778 2833; x_wconf 87' lang='lat' dir='ltr'>perire</span> <span class='ocrx_word' id='word_1_244' title='bbox 1803 2777 2092 2835; x_wconf 86' lang='lat' dir='ltr'>(krepieren),</span> 
     </span>
     <span class='ocr_line' id='line_1_31' title="bbox 462 2845 2092 2903; baseline 0.003 -16"><span class='ocrx_word' id='word_1_245' title='bbox 462 2860 568 2888; x_wconf 90' lang='lat' dir='ltr'>cum</span> <span class='ocrx_word' id='word_1_246' title='bbox 609 2845 657 2888; x_wconf 90' lang='lat' dir='ltr'>in</span> <span class='ocrx_word' id='word_1_247' title='bbox 701 2846 921 2903; x_wconf 88' lang='lat' dir='ltr'>Byzantia</span> <span class='ocrx_word' id='word_1_248' title='bbox 964 2850 1008 2890; x_wconf 92' lang='lat' dir='ltr'>et</span> <span class='ocrx_word' id='word_1_249' title='bbox 1050 2847 1328 2890; x_wconf 79' lang='lat' dir='ltr'>neo-Graeca</span> <span class='ocrx_word' id='word_1_250' title='bbox 1370 2847 1530 2902; x_wconf 83' lang='lat' dir='ltr'>lingua</span> <span class='ocrx_word' id='word_1_251' title='bbox 1562 2847 1624 2890; x_wconf 85' lang='lat' dir='ltr'>sic</span> <span class='ocrx_word' id='word_1_252' title='bbox 1656 2847 1942 2902; x_wconf 86' lang='lat' dir='ltr'>adhibeatur,</span> <span class='ocrx_word' id='word_1_253' title='bbox 1976 2848 2092 2892; x_wconf 89' lang='lat' dir='ltr'>mihi</span> 
     </span>
     <span class='ocr_line' id='line_1_32' title="bbox 465 2917 2093 2974; baseline 0.002 -15"><span class='ocrx_word' id='word_1_254' title='bbox 465 2917 738 2972; x_wconf 87' lang='lat' dir='ltr'>persuadere</span> <span class='ocrx_word' id='word_1_255' title='bbox 769 2932 862 2959; x_wconf 89' lang='lat' dir='ltr'>non</span> <span class='ocrx_word' id='word_1_256' title='bbox 896 2921 1158 2974; x_wconf 84' lang='lat' dir='ltr'>potuerunt,</span> <span class='ocrx_word' id='word_1_257' title='bbox 1191 2931 1299 2960; x_wconf 89' lang='lat' dir='ltr'>nam</span> <span class='ocrx_word' id='word_1_258' title='bbox 1334 2918 1558 2960; x_wconf 85' lang='lat' dir='ltr'>eiusmodi</span> <span class='ocrx_word' id='word_1_259' title='bbox 1590 2932 1698 2961; x_wconf 88' lang='lat' dir='ltr'>usus</span> <span class='ocrx_word' id='word_1_260' title='bbox 1729 2934 1756 2961; x_wconf 84' lang='lat' dir='ltr'>a</span> <span class='ocrx_word' id='word_1_261' title='bbox 1787 2918 1985 2962; x_wconf 89' lang='lat' dir='ltr'>dictione</span> <span class='ocrx_word' id='word_1_262' title='bbox 2017 2919 2093 2963; x_wconf 85' lang='lat' dir='ltr'>So-</span> 
     </span>
     <span class='ocr_line' id='line_1_33' title="bbox 466 2987 1242 3043; baseline 0.001 -13"><span class='ocrx_word' id='word_1_263' title='bbox 466 2987 658 3043; x_wconf 87' lang='lat' dir='ltr'>phoclea</span> <span class='ocrx_word' id='word_1_264' title='bbox 689 2988 866 3032; x_wconf 87' lang='lat' dir='ltr'>alienus</span> <span class='ocrx_word' id='word_1_265' title='bbox 898 2988 1013 3031; x_wconf 85' lang='lat' dir='ltr'>mihi</span> <span class='ocrx_word' id='word_1_266' title='bbox 1047 2988 1242 3032; x_wconf 83' lang='lat' dir='ltr'>videtur.</span> 
     </span>
    </p>
   </div>
   <div class='ocr_carea' id='block_1_8' title="bbox 516 3117 1845 3166">
    <p class='ocr_par' dir='ltr' id='par_1_11' title="bbox 516 3117 1845 3166">
     <span class='ocr_line' id='line_1_34' title="bbox 516 3117 1845 3166; baseline 0.002 -14"><span class='ocrx_word' id='word_1_267' title='bbox 516 3118 546 3159; x_wconf 76' lang='grc'>1)</span> <span class='ocrx_word' id='word_1_268' title='bbox 573 3117 782 3162; x_wconf 86' lang='lat' dir='ltr'>Wecklein,</span> <span class='ocrx_word' id='word_1_269' title='bbox 809 3118 961 3154; x_wconf 70' lang='lat' dir='ltr'>Bffitter</span> <span class='ocrx_word' id='word_1_270' title='bbox 986 3118 1049 3154; x_wconf 84' lang='lat' dir='ltr'>fiir</span> <span class='ocrx_word' id='word_1_271' title='bbox 1074 3118 1142 3154; x_wconf 83' lang='lat' dir='ltr'>das</span> <span class='ocrx_word' id='word_1_272' title='bbox 1168 3117 1305 3165; x_wconf 87' lang='lat' dir='ltr'>Gymn.</span> <span class='ocrx_word' id='word_1_273' title='bbox 1331 3118 1496 3155; x_wconf 82' lang='lat' dir='ltr'>Schulw.</span> <span class='ocrx_word' id='word_1_274' title='bbox 1522 3118 1628 3166; x_wconf 80' lang='lat'>1912,</span> <span class='ocrx_word' id='word_1_275' title='bbox 1653 3130 1739 3166; x_wconf 80' lang='lat' dir='ltr'>pag.</span> <span class='ocrx_word' id='word_1_276' title='bbox 1764 3119 1845 3155; x_wconf 76' lang='lat'>437.</span> 
     </span>
    </p>
   </div>
   <div class='ocr_carea' id='block_1_9' title="bbox 2249 0 2274 3750">
    <p class='ocr_par' dir='ltr' id='par_1_12' title="bbox 2249 0 2274 3750">
     <span class='ocr_line' id='line_1_35' title="bbox 2249 0 2274 3750; baseline 0 0"><span class='ocrx_word' id='word_1_277' title='bbox 2249 0 2274 3750; x_wconf 95' lang='lat' dir='ltr'> </span> 
     </span>
    </p>
   </div>
  </div>
 </body>
</html>
