2274 3750
1175 322 1410 366 -22—

471 453 631 507 figure,
674 451 733 494 ou
775 452 906 495 seuls,
937 452 1002 495 les
1044 456 1216 509 satyres
1258 457 1302 496 et
1343 453 1444 496 leur
1482 455 1588 510 pere
1621 459 1848 511 occupent
1879 454 1925 498 la
1955 455 2102 509 scene,

471 522 602 579 point
643 521 699 564 de
741 522 954 578 peinture
987 523 1173 577 morale,
1207 523 1287 580 qui
1319 524 1486 567 vienne
1518 524 1726 568 distraire
1759 524 1821 568 du
1853 524 2010 582 plaisir
2040 525 2103 568 du

470 592 677 649 spectacla
720 592 748 635 a
788 597 892 649 part
934 594 1046 636 d'un
1087 594 1184 637 seul
1215 594 1335 648 trait,
1370 595 1486 638 mais
1516 596 1781 652 important,
1813 595 2103 652 l’epouvante

472 664 535 707 du
568 664 738 706 choeur
769 663 947 721 chaque
978 665 1063 708 fois
1096 679 1184 722 que
1216 666 1410 709 resonne
1440 665 1485 709 la
1515 666 1658 723 lyre.''

531 793 756 839 118-125.
808 793 930 845 Quid
977 793 1159 838 Silenus
1204 795 1375 850 fecerit,
1424 795 1536 839 dum
1583 796 1735 853 Satyri
1780 796 2104 852 indagatorum

474 879 666 908 munere
712 868 809 908 tam
855 869 1039 908 strenue
1085 867 1357 923 funguntur,
1402 881 1496 910 non
1536 867 1733 923 legimus
1776 867 1978 924 quidem,
2025 867 2104 910 sed

474 936 747 992 cogitatione
790 935 964 993 fingere
1005 937 1138 981 facile
1180 951 1434 994 possumus,
1479 952 1592 981 nam
1624 938 1792 982 mentis
1823 938 1965 982 oculis
1996 952 2104 981 eum

473 1008 684 1052 videmus
725 1007 851 1050 haud
883 1007 1043 1064 procul
1074 1007 1132 1052 ab
1164 1008 1265 1052 aliis
1297 1012 1509 1063 stantem,
1543 1013 1663 1052 nutu
1692 1014 1915 1066 gestuque
1948 1009 2106 1052 omnia

474 1079 763 1135 dirigentem,
798 1093 915 1136 quae
948 1078 1100 1136 Satyri
1132 1080 1392 1134 odorentur,
1417 1080 1738 1125 observantem
1761 1081 1809 1137 1).
1831 1080 1994 1138 Itaque
2011 1094 2104 1124 non

473 1150 592 1193 fallit
609 1164 715 1193 eum
732 1153 877 1193 totam
894 1149 1162 1207 Satyrorum
1181 1165 1373 1194 manum
1390 1151 1540 1195 subito
1558 1151 1799 1195 subsistere
1817 1155 1955 1208 atque
1971 1151 2105 1194 humi

476 1224 651 1274 stratos,
685 1221 766 1265 ViX
798 1234 893 1264 sese
915 1225 1166 1276 moventes,
1190 1231 1276 1264 τοῖσ
1297 1231 1499 1277 πρωκτοῑσ
1520 1224 1575 1263 εἰσ
1595 1224 1665 1264 τὸν
1687 1224 1856 1277 οὐρανὸν
1877 1221 2108 1278 βλέποντασ

472 1292 633 1336 videri.
682 1292 810 1336 Haec
856 1292 1045 1349 quidem
1091 1308 1186 1336 non
1231 1293 1445 1337 iusserat!
1496 1294 1710 1338 Graviter
1749 1293 1892 1350 igitur
1922 1293 2106 1351 Satyros

474 1363 682 1421 increpat
697 1363 746 1419 2).

533 1493 617 1539 118.
650 1494 805 1549 τέχνην.
841 1493 906 1537 Cf.
941 1494 1027 1537 217
1060 1495 1122 1536 τίσ
1153 1494 1221 1548 ἣδε
1253 1495 1386 1551 τέχνης

533 1623 619 1668 119,
663 1625 889 1679 πρόσπαιον
929 1623 1024 1667 vim
1066 1623 1272 1669 adverbii
1316 1625 1385 1679 (z
1416 1626 1456 1665 ἐκ
1489 1626 1732 1682 προσπαίου)
1773 1626 1925 1682 potius
1962 1611 2107 1682 ⁸quam

478 1695 693 1738 adiectivi
715 1699 793 1749 (sc.
816 1695 978 1752 τέχνην)
999 1694 1170 1739 habere
1193 1696 1339 1739 credo.
1360 1695 1632 1739 Pearsonius
1649 1700 1694 1739 et
1710 1695 1986 1752 Tudeerus3)
2002 1700 2106 1753 apte

475 1767 717 1810 conferunt
747 1766 845 1809 Nic.
878 1766 1013 1809 Ther.
1047 1767 1133 1809 689
1165 1768 1195 1807 εἰ
1228 1766 1269 1808 δὲ
1302 1768 1352 1808 σύ
1385 1783 1428 1818 γε
1460 1765 1664 1808 σκύλακασ
1702 1765 1853 1820 γαλέησ
1892 1767 1916 1822 ἢ
1956 1767 2108 1822 μητέρα

475 1836 639 1891 λαιδρὴν
675 1837 678 1895 Ι
714 1837 923 1891 ἆγρεύσαισ
953 1837 1192 1891 πρόσπαιον.

532 1967 628 2013 120.
661 1969 723 2009 τίσ
754 1971 868 2020 ὑμῶν
899 1969 919 2008 ὁ
951 1968 1122 2022 quinem
1156 1983 1215 2011 sc.
1251 1976 1324 2009 τοῦ
1355 1965 1429 2009 ὧδε
1459 1977 1699 2022 κυνηγετεῖν.
1732 1968 1910 2011 Iterum
1934 1983 1996 2013 vs.
2022 1969 2109 2012 124

475 2041 523 2079 οὐ
553 2040 630 2092 γὰρ
661 2039 760 2093 ἴδρισ
790 2040 864 2091 εἰμὶ
897 2046 971 2079 τοῦ
1002 2039 1165 2092 τρόπου.
1200 2038 1311 2083 0011,
1345 2053 1462 2096 quae
1495 2039 1652 2095 scripsi
1681 2039 1738 2082 ad
1762 2054 1825 2083 vs.
1851 2040 1938 2082 114
1954 2044 2106 2083 verto:

481 2124 735 2167 „quaenam
763 2114 829 2153 est
852 2114 1001 2154 vestra
1023 2110 1159 2153 ratio!
1186 2110 1310 2161 Quid
1332 2110 1408 2152 hic
1430 2110 1594 2152 modus
1615 2110 1817 2154 venandi
1839 2109 1924 2153 sibi
1947 2111 2048 2155 vult
2058 2111 2107 2154 ‘?’'

477 2182 583 2224 Iure
614 2181 690 2224 hic
720 2181 935 2224 laudatur
966 2181 1084 2224 Xen.
1128 2181 1242 2237 Cyn.
1277 2182 1303 2224 3
1328 2216 1337 2225 .
1361 2182 1389 2224 4
1421 2189 1494 2235 τῆσ
1533 2182 1740 2237 ἰχνεύσεωσ
1775 2179 1917 2222 πολλοὶ
1954 2182 2106 2235 τρόποι.

478 2252 568 2304 Qui
599 2256 754 2295 autem
786 2252 872 2295 hoc
904 2266 963 2295 ex
993 2252 1091 2295 loco
1122 2253 1380 2310 nostrisque
1412 2267 1470 2296 ex
1501 2252 1708 2296 versibus
1740 2253 1914 2296 efficere
1947 2253 2110 2297 volunt

478 2324 627 2377 τρόπον
679 2339 773 2367 esse
826 2323 1103 2368 vocabulum
1155 2324 1340 2380 linguae
1393 2327 1665 2368 venatorum
1718 2324 1968 2381 proprium,
2006 2338 2109 2368 mea

478 2395 666 2451 quidem
697 2395 912 2452 opinione
944 2399 1112 2439 errant.

535 2524 628 2569 122.
661 2525 728 2583 [ἢ]
761 2540 824 2567 τισ
855 2525 1079 2582 πίθη[κο]σ
1112 2524 1226 2580 κῦβδ’
1260 2527 1556 2577 ἀποθυμαίνεισ
1588 2526 1676 2568 τινί.

538 2596 611 2640 Ad
654 2596 847 2640 verbum
885 2598 1181 2649 ἀποθυμαίνειν
1223 2599 1426 2639 annotat.
1472 2595 1577 2639 Wil.
1621 2596 1699 2652 (1.1.
1732 2611 1834 2653 pag.
1869 2598 1963 2651 10):
2001 2596 2108 2651 „Ich

532 2738 565 2784 ¹)
602 2738 774 2773 Silenum
812 2742 897 2784 post
935 2749 990 2774 vs.
1021 2736 1069 2773 93
1102 2736 1226 2773 abisse
1260 2740 1300 2772 et
1333 2747 1436 2772 nunc
1470 2737 1624 2773 demum
1661 2737 1786 2773 redire
1813 2737 2109 2774 Wilamowitzio

479 2796 547 2842 (1.1.
573 2806 658 2843 pag.
683 2796 706 2832 8
731 2799 771 2832 et
797 2796 858 2839 10)
883 2796 1089 2832 concedere
1115 2806 1192 2831 non
1218 2806 1383 2843 possum.

531 2855 566 2901 ²)
601 2856 693 2891 Post
732 2867 783 2891 vs.
818 2855 886 2890 117
917 2866 1052 2891 sonum
1079 2854 1254 2890 citharae
1279 2854 1404 2890 adhuc
1431 2854 1586 2901 ignotae
1614 2855 1780 2901 primum
1808 2855 1855 2891 ad
1882 2856 2109 2902 Satyrorum

481 2925 593 2950 aures
631 2914 859 2961 pervenisse,
897 2926 972 2961 quo
1005 2925 1096 2950 sono
1122 2914 1274 2961 cognito
1300 2913 1460 2960 Satyros
1485 2913 1642 2959 ignavos
1667 2914 1794 2950 subito
1819 2915 2005 2962 collapsos
2029 2925 2110 2951 esse

482 2973 671 3009 Robertus
696 2984 772 3008 non
799 2976 913 3019 recte,
939 2974 971 3009 si
997 2973 1089 3020 quid
1116 2973 1234 3018 video,
1262 2972 1417 3008 statuit.

533 3033 568 3078 ³)
592 3032 644 3067 De
670 3032 873 3078 vocabulis,
898 3032 1037 3079 quibus
1063 3032 1266 3079 Sophocles
1293 3031 1330 3066 in
1359 3031 1556 3067 Ichneutis
1582 3031 1714 3067 fabula
1739 3031 1917 3078 Satyrica
1944 3043 2035 3068 usus
2051 3034 2111 3067 est

482 3091 635 3138 scripsit
662 3091 700 3128 L.
727 3092 767 3127 Ο.
794 3091 862 3127 Th.
888 3091 1038 3127 Tudecr
1062 3090 1382 3138 (Helsingforsiae
1407 3089 1530 3135 1916).
