2274 3750
855 372 1090 417 —29—

212 499 443 547 Orationis
474 502 651 561 lepidae
682 502 990 563 lepidissimus
1022 504 1126 547 finis
1157 503 1414 547 luculenter
1441 503 1572 546 nobis
1594 503 1782 547 demon-

153 579 266 618 strat
304 575 516 631 ignaviae
557 575 922 632 indignationem
957 590 1116 619 veram
1154 575 1247 618 irae
1281 589 1466 618 causam
1497 575 1650 618 Sileno
1682 589 1776 618 non

152 646 304 699 fuisse,
353 646 430 689 sed
472 646 594 702 quod
637 645 905 702 Satyrorum
948 645 1251 702 trepidatione
1293 648 1475 688 tantum
1517 645 1776 702 praemium

151 716 374 774 perderet,
406 717 494 760 hoc
525 730 683 760 senem
714 716 1015 760 vehementer
1036 716 1347 760 momordisse.
1371 716 1441 759 En
1465 716 1618 770 h01n0‚
1641 731 1668 759 a
1689 730 1780 773 quo

151 787 219 830 nil
258 788 454 831 humani
490 787 695 831 alienum
727 788 786 830 sit
817 788 1091 844 putandum,
1125 802 1234 830 nam
1267 802 1405 844 quam
1439 802 1572 844 saepe
1604 787 1781 832 inveni-

150 862 293 902 untur
323 858 534 913 homines
554 859 812 913 irascentes,
841 862 888 902 at
908 858 1333 915 grandibusverbis
1355 873 1486 904 veras
1506 859 1601 902 irae
1623 872 1780 901 causas

150 929 304 985 obtegi
343 930 603 973 studentesi
648 929 715 973 De
759 930 970 987 Cyclopis
1008 930 1214 974 versibus
1258 930 1342 972 137
1361 944 1458 986 sqq.
1501 930 1591 972 huc
1634 929 1781 972 confe-

143 991 305 1044 'tendis
334 1000 456 1043 infra
487 1015 691 1057 agemuS.

206 1141 303 1188 185.
335 1141 452 1185 οὐδὲν
483 1141 621 1197 λέγων,
659 1143 910 1199 ,‚nugans.'’

212 1271 307 1318 166.
349 1287 388 1314 σε
435 1274 638 1329 προσβιβῶ
678 1272 811 1327 λόγωι,
859 1274 1052 1316 ironice:
1101 1274 1410 1329 „argumentis
1454 1277 1498 1316 te
1546 1274 1773 1318 vincam.''

147 1342 266 1386 Item
299 1344 437 1386 Arist.
469 1344 554 1400 Eq.
587 1344 656 1398 35,
696 1345 781 1388 Av.
815 1345 924 1398 426;
958 1344 1172 1388 Aeschin.
1206 1345 1278 1387 ΠΙ
1310 1348 1330 1397 ξ
1363 1345 1443 1394 93;
1479 1345 1597 1387 Xen.
1631 1345 1772 1388 Mem.

147 1413 183 1458 Ι.
217 1415 257 1459 2.
290 1418 311 1467 ξ
344 1414 422 1468 17;
457 1414 571 1458 Plat.
605 1415 787 1459 Menon.
823 1415 919 1459 741).

202 1543 299 1589 168.
330 1543 421 1585 ἀλλ’
451 1541 498 1586 εἷ’
529 1544 720 1602 [ἔ]φίστω
752 1545 936 1599 τριζυγὴσ
965 1547 1080 1598 οἵμου
1110 1546 1240 1600 βάσιν.

203 1615 414 1667 Versum,
446 1615 496 1658 in
528 1630 619 1672 quo
650 1615 717 1658 nil
749 1616 1026 1659 mutandum
1058 1630 1231 1669 censeo,
1255 1617 1318 1659 sic
1340 1620 1490 1660 verto:
1519 1617 1772 1672 ‚,Agedum,

144 1685 324 1742 triiugis
365 1687 489 1730 viam
530 1687 732 1730 insiste.''
767 1686 899 1738 Quod
931 1687 989 1730 ad
1026 1687 1306 1731 adiectivum
1348 1687 1530 1742 τριζυγήσ
1560 1688 1770 1744 pertinet,

143 1755 437 1813 Vollgraffius
469 1757 584 1800 mihi
614 1758 839 1814 persuasit
870 1758 1152 1802 adiectivum
1179 1759 1359 1812 τρίζυγοσ
1389 1758 1438 1800 in
1459 1772 1595 1801 usum
1617 1759 1774 1802 venire

143 1826 330 1884 quidem
347 1828 560 1884 potuisse,
583 1829 661 1871 sed
684 1828 909 1871 eiusmodi
930 1828 1264 1873 adiectivorum
1285 1829 1479 1884 formam
1497 1829 1772 1872 femininam

142 1911 376 1942 occurrere
418 1913 512 1941 non
554 1899 697 1942 solere
740 1899 813 1956 (cf.
858 1914 894 1942 e.
927 1914 970 1956 g.
1003 1899 1111 1942 Eur.
1144 1899 1249 1943 Hel.
1283 1899 1368 1942 357
1401 1899 1597 1953 τριζύγοισ
1627 1901 1772 1958 θεαῖσ),

142 1968 209 2012 nil
249 1973 406 2013 tamen
443 1970 635 2024 obstare,
669 1970 782 2027 quin
815 1970 999 2024 τριζυγήσ
1029 1970 1316 2014 nominativo
1348 1985 1482 2013 sensu
1515 1975 1772 2027 usurpetur,

141 2040 196 2083 cf.
228 2041 491 2091 recentioris
522 2042 740 2098 temporis
774 2041 1000 2085 adiectiva
1023 2040 1264 2095 τριλαμπήσ,
1289 2040 1523 2095 ward-amia,
1547 2040 1772 2095 τριπλεκήσ,

142 2111 348 2166 τριφανήσ,
387 2113 564 2167 τριφυήσ,
599 2112 760 2165 ἀζυγήσ,
795 2112 1003 2165 ὁμοζυγήσ,
1037 2112 1219 2165 συζυγήσ,
1268 2112 1520 2165 τριζυγήσ
1565 2101 1770 2169 (ΑηίῑῙὶὈῙ.

142 2181 237 2225 Pal.
279 2182 362 2236 XI,
407 2182 476 2237 77,
520 2184 547 2225 4
589 2182 785 2236 τριζυγέεσ
835 2183 1020 2240 χάριτὸσ),
1063 2184 1187 2240 apud
1228 2183 1366 2240 Soph.
1408 2182 1551 2236 ‹ieqanja
1591 2183 1770 2240 (Trach.

141 2252 287 2308 1095),
321 2252 509 2308 δικρατήσ
540 2253 668 2311 (Ant.
703 2254 800 2307 146,
835 2254 959 2297 Aiae.
995 2254 1111 2310 251).
1141 2254 1318 2296 Deinde
1341 2258 1496 2296 autem
1519 2254 1613 2311 ipse
1635 2255 1772 2297 inter-

139 2323 444 2380 pretationem
503 2339 634 2367 suam
692 2325 862 2378 reiecit,
903 2325 936 2380 1)
994 2325 1116 2381 quod
1164 2324 1347 2378 τριζυγήσ
1392 2325 1558 2381 (errato
1603 2325 1771 2381 legitur

139 2394 327 2449 συζυγήσ)
359 2399 474 2439 esset
506 2396 728 2449 trifariam
757 2396 938 2448 iunctus,
972 2409 1078 2438 cum
1102 2395 1329 2438 sententia
1350 2396 1492 2438 nostri
1514 2395 1600 2437 loci
1622 2396 1770 2452 requi-

139 2469 269 2519 reret,
293 2469 344 2509 ut
365 2469 481 2509 esset
503 2466 723 2523 trifariam
744 2467 996 2523 dispertitus,
1014 2465 1102 2509 Sed
1120 2469 1239 2509 recte
1254 2469 1366 2522 puto
1383 2466 1711 2520 Koettgeniam
1729 2466 1764 2522 2)

191 2606 226 2652 ¹)
250 2605 460 2642 Infeliciter
483 2606 706 2642 substituit:
731 2609 806 2641 ἀλλ’
832 2606 887 2650 εἷ’,
911 2611 1028 2648 ἐφίστω
1054 2611 1202 2653 τριζιιγιὶ
1230 2609 1258 2640 ’a
1281 2607 1375 2648 οἵμου
1410 2610 1524 2650 βάσιν,
1556 2606 1620 2642 ubi
1654 2618 1764 2653 prae—

138 2665 276 2712 positio
314 2667 343 2700 ’σ
377 2677 531 2712 prorsus
564 2676 694 2701 carere
728 2676 941 2712 possumus.
977 2666 1030 2702 Cf.
1057 2665 1192 2702 Trach.
1226 2665 1297 2700 339
1328 2668 1428 2711 τήνδ’
1454 2670 1626 2706 salomom
1649 2670 1765 2710 βάσιν,

137 2724 245 2762 Alae.
265 2723 313 2760 42
337 2727 563 2767 §nemimem
585 2727 690 2770 τήνδε
713 2729 831 2767 βάσιν.

188 2782 225 2829 ²)
261 2783 416 2819 Confert
440 2783 534 2820 Poll.
560 2783 610 2827 ῙῙ,
634 2783 706 2819 ’199
730 2788 786 2818 καὶ
811 2788 914 2826 βάσισ
937 2786 972 2818 δὲ
999 2789 1093 2830 παρὰ
1119 2792 1190 2818 roto
1213 2792 1381 2826 μουσικοῖσ
1404 2786 1537 2828 λέγεται
1562 2789 1599 2818 τὸ
1623 2787 1765 2819 τιθέναι

137 2846 195 2876 τὸν
226 2844 315 2877 πόδα
348 2845 383 2877 ἓν
407 2846 555 2888 ῥυθμῶι.
583 2843 747 2878 Omnino
774 2846 867 2877 sunt
891 2843 997 2878 lectu
1025 2843 1264 2889 dignissima,
1290 2853 1388 2889 quac
1414 2842 1460 2877 de
1487 2843 1639 2877 vocibus
1665 2846 1765 2887 ζυγόν

137 2904 178 2936 et
200 2909 331 2947 σεοτχοσ
354 2901 392 2936 in
419 2901 590 2938 exercitu
615 2905 733 2948 atque
755 2902 862 2938 chori
881 2902 1088 2948 disciplina
1107 2902 1264 2937 usitatis
1283 2901 1497 2948 disputavit
1518 2905 1617 2948 (pag.
1637 2902 1684 2936 82
1698 2913 1766 2949 sq.,

136 2959 330 3007 98—108),
366 2971 601 3007 quamquam
641 2971 840 3008 perperam
878 2964 1007 2996 nostro
1047 2972 1157 2996 versu
1184 2961 1297 3006 legit:
1324 2962 1398 2995 ἀλλ’
1423 2960 1466 2994 εἷ’
1491 2965 1609 3001 ἐφίστω
1633 2966 1764 3007 wig-vs

136 3022 187 3053 εἰσ
207 3019 302 3061 οἵμου
325 3023 438 3064 βάσιν,
463 3023 633 3055 vertens:
661 3020 849 3066 „agedum
876 3020 978 3054 viam
1006 3020 1142 3055 insiste
1159 3019 1294 3066 (ἐφίστω
1311 3019 1423 3066 οἵμου)
1436 3019 1631 3065 triiugem,
1649 3019 1687 3054 id
1707 3023 1765 3055 est

136 3077 344 3124 triplicem,
367 3078 414 3113 ad
441 3088 629 3124 gressum.
660 3079 807 3125 (rpissvy‘
841 3083 891 3113 do
913 3078 1078 3125 βάσιν).”,
1107 3089 1195 3113 nam
1222 3089 1364 3122 vereor,
1390 3089 1437 3113 ne
1462 3078 1559 3120 οἷ’μσυ
1583 3078 1637 3113 sic
1662 3077 1766 3114 intei-

136 3140 186 3170 εἰσ
208 3140 248 3171 et
272 3141 374 3179 [Idan
401 3138 567 3183 positum
594 3148 679 3172 curn
709 3137 822 3172 verbo
848 3141 966 3178 ἐφίστω
992 3137 1171 3182 coniungi
1206 3136 1372 3172 Graecus
1398 3148 1520 3172 sermo
1547 3147 1622 3172 non
1649 3137 1763 3174 sinat.
