2274 3750
863 354 1093 397 -27-

166 478 244 533 fiat
275 490 356 532 aut
386 488 573 540 ἀκμαῖσιν
604 489 685 529 aut
715 486 932 540 αἰχμαῖσιν.
965 483 1053 527 Sed
1085 483 1197 541 quid
1229 483 1410 527 Silenus
1436 496 1542 526 cum
1562 480 1796 537 αἰχμαῖσινῗ

167 559 441 604 Pearsonius
471 556 693 614 explieat:
732 555 854 610 „The
887 555 1077 612 speaker
1107 554 1214 598 does
1245 558 1326 598 not
1359 568 1407 597 so
1439 551 1580 596 much
1610 551 1728 595 refer
1749 554 1796 593 to

166 646 195 676 a
225 629 413 674 definite
445 641 635 684 weapon
665 641 714 670 as
745 630 792 669 to
813 626 996 669 martial
1017 625 1358 670 aehievements
1377 625 1426 668 in
1447 622 1647 681 general.
1670 621 1797 665 Thus

167 702 246 746 the
293 699 512 755 meaning
552 699 591 741 is
639 697 905 755 equivalent
946 701 992 740 to
1032 698 1076 740 vi
1116 701 1152 740 et
1193 697 1338 750 amnis,
1372 711 1423 739 or
1454 693 1719 753 practically
1751 696 1797 735 to

172 773 247 828 „in
291 769 477 816 battle''.
524 769 599 813 sie
645 772 802 812 autem
848 767 949 811 coll.
997 781 1081 824 e.g.
1128 767 1238 811 Eur.
1280 767 1391 811 Her.
1441 766 1525 809 158
1571 770 1711 819 θηρῶν
1757 763 1797 804 ἐν

166 845 303 903 qimam
335 841 496 898 utique
529 843 815 897 exspectares
846 840 897 881 ἐν
928 840 1142 895 αἰχμαῖσιν.

226 914 388 971 Neque
419 915 515 955 tam
529 925 587 954 en
618 910 745 954 omni
776 913 909 955 vacat
939 910 1148 953 molestia
1179 923 1270 954 vox
1302 910 1502 962 ἀκμαῖσιν,
1534 921 1644 951 nam
1675 905 1799 950 vocis

48 976 59 987 ”
137 987 302 1040 -ἀκμῆσ
341 987 450 1028 noto
492 997 628 1026 sensu
670 982 742 1036 (ef.
777 996 860 1039 e.g.
895 981 946 1025 Ο.
981 981 1036 1024 R.
1070 980 1154 1024 741
1188 982 1279 1023 τίνα
1310 979 1347 1021 δ’
1379 981 1511 1033 ἀκμὴν
1541 979 1645 1034 ἣβησ
1675 976 1798 1033 ἔχωνς

169 1056 278 1100 Eur.
321 1055 418 1099 Ale.
464 1053 564 1107 317,
608 1053 908 1096 Leeuwenius
949 1053 1008 1095 ad
1054 1052 1192 1096 Arist.
1244 1051 1364 1095 Plut.
1414 1050 1516 1105 256)
1563 1047 1799 1092 adhibitae

170 1126 359 1186 pluralis
395 1139 616 1169 numerus
648 1125 860 1181 usurpari
893 1138 986 1167 non
1016 1127 1177 1180 potest.
1212 1123 1389 1166 Deinde
1421 1120 1635 1165 nonnulli
1667 1118 1801 1172 ἂκμάσ

171 1199 258 1242 hoc
297 1198 397 1241 1000
438 1197 562 1240 idem
604 1210 698 1239 esse
740 1199 878 1252 atque
919 1195 1134 1239 bracchia
1175 1195 1350 1240 volunt.
1394 1193 1615 1236 Attamen
1645 1189 1799 1234 110051

171 1269 428 1327 significare
459 1271 620 1324 potest,
652 1267 813 1323 utique
847 1280 952 1309 oum
984 1266 1139 1323 aliquo
1170 1265 1359 1308 nomine
1381 1262 1600 1318 coniungi
1621 1260 1799 1315 debere,

172 1345 237 1394 ut,
279 1340 409 1384 euius
449 1338 648 1382 membri
689 1341 921 1390 „extrema
952 1337 1084 1393 pars''
1118 1337 1250 1380 nobis
1281 1337 1339 1379 sit
1369 1333 1625 1391 cogitanda,
1659 1331 1801 1388 expli-

173 1415 313 1468 cetur,
356 1411 437 1455 vix
478 1413 546 1453 est
575 1408 876 1452 monendum.
910 1408 977 1452 Of.
1010 1407 1063 1452 O.
1096 1408 1151 1451 R.
1186 1408 1301 1451 1034
1332 1406 1474 1448 ποδοῖν
1505 1405 1651 1458 ἀκμάσ,
1687 1402 1801 1446 1243

174 1480 419 1536 ἇμφιδεξίοισ
460 1482 622 1533 ἀκμαῖα,
665 1479 824 1536 Eurip.
857 1479 1022 1523 Bacch.
1058 1478 1171 1522 1207
1211 1485 1346 1534 χειρῶν
1378 1479 1553 1529 ἆκμαῖσι,
1586 1472 1800 1530 Aeschyl.

175 1553 297 1598 Pers,
332 1552 445 1597 1031
480 1553 587 1605 ἀκμὴ
619 1558 750 1607 χερῶν,
784 1549 1029 1593 Eumenid.
1065 1550 1149 1592 376
1182 1548 1307 1590 ποδὸσ
1337 1548 1484 1602 ἀκμάν.

233 1624 396 1682 Itaque
429 1623 637 1667 Silenum
671 1621 865 1664 bracchia
895 1621 1170 1664 extendentem
1202 1619 1342 1665 verba
1372 1618 1576 1676 gestibus
1607 1614 1802 1672 comple-

175 1694 293 1740 visse
326 1709 431 1738 eum
464 1693 768 1739 Vuerthemio
799 1692 1047 1737 verisimile
1079 1692 1208 1735 duco.

234 1765 509 1820 ἐξεργάζεσθαι
535 1764 564 1808 1.
593 1779 630 1808 e.
652 1763 834 1821 perdere,
861 1777 1004 1806 necare
1029 1778 1088 1807 50.
1112 1764 1164 1803 τὰ
1181 1762 1297 1818 βοτά.
1327 1761 1392 1804 Of.
1422 1760 1530 1803 Eur.
1556 1759 1697 1815 Hipp.
1716 1756 1802 1800 607

175 1836 372 1892 μηδαμῶο·
400 1840 444 1898 μ’
465 1834 679 1890 ἐξεργάσηι,
704 1833 808 1878 Hel.
836 1834 948 1878 1098
970 1834 1025 1888 μή
1045 1838 1088 1886 μ’
1109 1832 1323 1887 ἓξεργάσηι,
1347 1831 1517 1875 Herod.
1543 1830 1599 1874 V.
1624 1830 1693 1883 19,
1717 1827 1803 1871 III.

177 1908 248 1963 30,
282 1908 352 1962 315
384 1906 468 1952 IV.
500 1907 599 1950 134.

235 2049 332 2102 153.
362 2049 752 2108 [ὑ]πορρυπαίνεται
784 2047 856 2091 vel
890 2047 1036 2104 magis
1067 2048 1293 2099 ἔμφατικιῦσ
1324 2044 1679 2098 ἀπορρυπαίνεται.

236 2120 564 2164 Muenseherus
596 2119 706 2162 citat
737 2119 855 2162 Xen.
885 2133 976 2175 rep.
1006 2118 1109 2161 Lae.
1135 2118 1204 2161 11.
1228 2118 1254 2160 3
1283 2115 1527 2172 σχολαίτατα
1548 2115 1804 2170 ῥυπαίνεται;

180 2191 317 2235 Arist.
349 2191 465 2235 rhet.
499 2191 538 2235 3.
564 2192 603 2235 2.
635 2206 679 2247 p.
715 2190 828 2233 1405
857 2207 884 2230 α
907 2190 985 2243 24;
1011 2189 1198 2245 Dionys.
1222 2188 1356 2231 Isoer.
1382 2188 1437 2229 18
1447 2202 1456 2240 ;
1481 2185 1623 2229 Anth.
1647 2185 1730 2228 XI.
1753 2184 1804 2237 53

179 2262 350 2307 Athen.
396 2262 500 2306 XV.
532 2277 576 2319 p.
610 2262 696 2305 687
729 2262 778 2315 Β,
813 2276 869 2304 ex
902 2260 1068 2317 quibus
1101 2259 1294 2305 verbum
1326 2257 1555 2315 imprimis
1587 2255 1807 2314 pedestris

181 2333 368 2390 linguae
399 2333 637 2391 proprium
670 2347 764 2376 esse
796 2335 998 2389 apparet.

239 2474 326 2520 ¹54
355 2490 420 2532 sq.
463 2475 590 2518 Inter
630 2490 695 2519 vs.
729 2475 816 2518 153
857 2477 995 2531 atque
1033 2476 1300 2530 sequentem
1333 2470 1557 2514 nonnulla
1588 2468 1808 2513 excidisse

183 2550 316 2604 putat
356 2546 745 2590 Wilamowitzius
789 2546 1006 2588 Koertius
1048 2544 1201 2597 (Aroh.
1235 2544 1309 2586 fiir
1341 2540 1712 2598 Papyrusforseh.
1751 2539 1807 2582 V.

184 2618 226 2661 4.
259 2618 374 2660 1913
405 2631 507 2673 pag.
541 2617 643 2668 560)
676 2617 738 2659 510
770 2616 1032 2671 distinguit:
1070 2649 1077 2658 .
1115 2651 1122 2658 .
1158 2650 1165 2658 .
1204 2649 1211 2656 .
1246 2613 1601 2667 ἀπορρυπαίνεται·

482 2687 664 2745 [ψ]όφωι
697 2688 824 2742 νεώρη
856 2684 1038 2743 κόλακ[ι]
1071 2686 1273 2738 ποιμένων
1306 2683 1479 2741 π[0]θέ’ν

484 2758 567 2816 [τί]
590 2758 638 2811 δὴ
670 2760 855 2814 φοβεῖσθε
888 2757 1029 2798 παῖδεσ
1060 2758 1115 2797 ὥσ
1147 2758 1239 2809 πρὶν
1272 2754 1445 2801 εἰσιδεῖν,-

245 2843 336 2886 qua
377 2834 533 2872 tamen
574 2830 625 2872 in
656 2828 1031 2885 interpretatione
1064 2826 1310 2871 verborum
1343 2825 1453 2868 ordo
1486 2824 1623 2882 paulo
1655 2822 1811 2866 durior

187 2899 303 2943 mihi
344 2900 539 2943 videtur.
585 2900 814 2956 Equidem
847 2913 952 2942 cum
986 2897 1230 2941 Pearsonio
1268 2897 1398 2950 ψόφωι
1430 2910 1525 2938 0550
1556 2894 1812 2937 ablativum

189 2970 418 3014 causalem
458 2971 609 3024 eredo,
651 2970 731 3026 qui
773 2970 896 3013 idem
938 2983 990 3012 ac
1032 2967 1305 3025 praepositio
1347 2966 1412 3007 διά
1455 2980 1560 3009 011111
1602 2979 1693 3008 ace.
1736 2979 1812 3008 va—

186 3041 251 3089 let
302 3042 423 3096 („om
466 3041 592 3084 zoo'n
634 3040 896 3097 geluidje''),
939 3053 1029 3097 quo
1072 3039 1126 3081 de
1168 3052 1255 3081 usu
1294 3038 1347 3080 cf.
1393 3037 1460 3080 El.
1505 3037 1604 3090 549,
1647 3035 1809 3078 Trach.

185 3103 327 3166 1127,
358 3112 467 3156 Ant.
501 3112 600 3165 691,
623 3111 740 3168 Ε111·,
773 3110 884 3154 Her.
918 3111 986 3164 79,
1020 3109 1251 3152 Heraclid.
1283 3108 1383 3162 474,
1416 3107 1560 3150 Andr.
1585 3106 1683 3161 157,
1712 3105 1811 3149 247.
