2274 3750
795 382 1031 424 „gl-

95 515 391 573 participium
437 514 652 568 παρμένων
698 526 881 569 prorsus
926 511 1050 554 idem
1097 513 1234 567 atque
1276 509 1412 552 modo
1462 508 1601 562 παρών
1642 508 1728 564 sig-

95 586 266 630 nificat.

156 657 380 700 Iteratum
411 655 526 699 illud
559 668 813 712 pronomen
845 654 920 704 ἐγώ
951 667 1015 697 vs.
1051 653 1135 695 166
1168 655 1212 695 et
1244 666 1307 695 vs.
1342 651 1427 694 169
1457 650 1726 703 luculenter,

95 727 184 771 nisi
216 727 362 780 fallor,
396 726 679 769 demonstrat
701 724 924 778 Silenum,
946 724 1306 780 haudquaquam
1329 721 1563 779 pavidum,
1587 721 1724 764 etiam

95 802 234 856 atque
278 798 419 841 etiam
462 797 648 853 Satyros
685 797 845 839 docere
875 809 916 839 se
947 794 1135 852 quidem
1163 794 1295 837 vomni
1326 798 1495 836 terrore
1526 792 1723 835 liberum

94 867 409 926 ignavioribus
440 868 669 925 optimum
701 866 865 910 ducem
897 867 1007 910 fore.

138 1000 389 1056 'wo—198.
437 1009 608 1054 Versus
656 1007 931 1062 difficillimi,
983 1007 1040 1050 de
1091 1005 1258 1063 quibus
1310 1005 1420 1048 certi
1476 1005 1724 1062 quicquam

94 1081 233 1124 statui
274 1080 532 1123 miserrima
573 1083 728 1123 textus
769 1079 1036 1122 condicione
1078 1092 1172 1120 non
1214 1080 1373 1134 potest.
1406 1076 1565 1119 Totius
1599 1076 1724 1118 chori

93 1156 309 1195 naturam
352 1151 727 1195 Wilamowitzius
769 1149 977 1207 (S.-abdr.
1011 1163 1112 1205 pag.
1149 1149 1223 1201 11)
1253 1148 1316 1190 sic
1347 1147 1584 1190 describit:
1626 1146 1725 1199 „die

97 1222 508 1277 Verstiimmelung
540 1222 650 1264 laszt
692 1235 781 1264 nur
822 1220 1071 1273 erkennen,
1105 1219 1209 1262 dasz
1240 1219 1304 1261 sie
1334 1218 1441 1261 bald
1473 1218 1626 1271 reden,
1659 1217 1725 1260 als

94 1294 254 1337 hatten
286 1294 350 1336 sie
383 1294 459 1336 ein
492 1292 629 1346 Wild,
662 1292 782 1345 bald,
816 1292 919 1334 dasz
941 1305 988 1334 es
1008 1291 1152 1333 ihnen
1174 1289 1467 1346 entschliipft.
1492 1288 1553 1331 Es
1575 1288 1726 1343 klingt

99 1365 299 1420 weniger
329 1365 450 1407 nach
482 1362 806 1420 Hundegebell
837 1362 903 1405 als
935 1362 1054 1404 nach
1085 1361 1176 1404 den
1208 1361 1360 1403 Rufen
1382 1374 1474 1405 von
1490 1359 1723 1412 Treibern,

96 1435 170 1479 die
202 1435 339 1478 einen
371 1434 522 1477 Busch
555 1433 919 1476 durchsuchen.”
953 1432 1168 1476 Ceterum
1200 1431 1256 1474 de
1288 1431 1359 1473 his
1381 1429 1588 1474 versibus
1609 1430 1725 1474 varii

95 1507 368 1563 interpretes
399 1505 525 1550 varie
557 1505 922 1562 disputaverunt,
956 1518 979 1546 e
1012 1502 1178 1560 quibus
1209 1501 1452 1559 praecipue
1485 1501 1726 1543 nominan-

97 1577 184 1620 dus
229 1581 297 1620 est
341 1576 582 1629 RobertUS,
632 1576 705 1618 cui
753 1580 798 1618 et
843 1574 934 1617 alia
980 1578 1025 1617 et
1056 1572 1473 1630 splendidissimam
1505 1571 1725 1615 debemus

99 1647 467 1706 explicationem,
510 1661 614 1703 qua,
658 1650 900 1703 postquam
941 1645 1082 1688 boum
1123 1644 1527 1700 investigationem
1569 1646 1724 1685 nostro

95 1719 196 1763 loco
237 1719 312 1775 agi
353 1718 452 1761 iure
482 1717 712 1761 intellexit
748 1721 794 1760 et
830 1717 916 1759 hoc
948 1716 1179 1759 canticum
1212 1729 1306 1758 esse
1339 1714 1574 1769 dialogum
1606 1714 1726 1756 inter

95 1790 303 1834 Silenum
335 1789 611 1846 Satyrosque
643 1788 781 1845 paulo
812 1787 1030 1830 audacius
1060 1787 1260 1839 fortasse,
1294 1790 1341 1829 at
1372 1800 1466 1828 non
1497 1785 1594 1828 sine
1615 1799 1726 1827 sana

94 1860 493 1917 argumentatione
540 1859 746 1912 coniecit,
795 1858 844 1900 in
890 1857 1079 1902 vocibus
1126 1857 1286 1910 Δράκισ,
1334 1856 1512 1910 Γράπισ,
1563 1856 1722 1909 Οὐρίάσ,

96 1932 296 1973 Μέθυσοσ
321 1931 529 1988 (Μεθύων
540 1931 592 1988 ‘?),
615 1930 828 1984 Στράτιοσ,
850 1930 1037 1983 Κροκίασ,
1063 1929 1200 1984 Τρέχισ
1242 1927 1512 1983 Satyrorum
1535 1927 1725 1969 nomina

93 2001 233 2045 latere
265 2002 526 2045 felicissimo
558 2001 733 2056 ingenii
764 2000 976 2043 acumine
1009 1999 1139 2042 nobis
1167 1998 1391 2055 probavit.
1421 1998 1525 2041 Vid.
1561 1997 1720 2040 Herm.

97 2073 224 2127 1912,
259 2087 360 2130 pag.
394 2073 495 2116 548.

152 2214 234 2259 171.
277 2215 316 2256 τί
354 2214 507 2267 μάτην.
550 2214 845 2270 Aristophan.
880 2213 982 2255 Pac.
1016 2212 1073 2254 95
1105 2211 1335 2254 immerito
1367 2214 1595 2253 tentatum
1628 2225 1721 2253 esse

94 2285 204 2328 hinc
234 2286 421 2328 fortasse
454 2289 658 2342 apparet.

151 2427 244 2473 ¹75.
276 2427 442 2478 ἀνάγου,
478 2427 684 2484 „proripe
707 2426 803 2469 te!”
833 2426 899 2469 Of.
923 2425 1166 2468 Menandri
1195 2424 1317 2467 Sam.
1343 2424 1427 2466 145
1453 2425 1493 2464 ἐκ
1515 2431 1587 2464 τοῦ
1603 2425 1723 2477 μέσου

33 2555 36 2561 ἱ
94 2498 218 2551 ἄναγε
246 2498 412 2539 σεαυτόν
424 2501 452 2552 l,
486 2497 779 2554 Aristophan.
814 2497 928 2540 Rau.
963 2495 1048 2538 853
1080 2495 1203 2547 ἄναγε
1233 2497 1400 2536 σεαυτὸν
1432 2494 1628 2537 ἐκποδών.

153 2639 250 2685 185.
280 2640 352 2683 Ex
383 2640 606 2696 corruptis
639 2639 789 2683 verbis
819 2638 875 2681 ἔνι
906 2638 1052 2695 β[ο]ῦσ
1077 2637 1132 2680 ἔνι
1155 2637 1300 2694 πόιό[
1449 2637 1568 2679 effici
1590 2651 1718 2693 posse

96 2714 202 2754 ante
232 2711 357 2754 hunc
388 2725 571 2755 versum
604 2710 745 2753 boum
777 2710 1010 2766 mugitum
1042 2709 1321 2752 'resonavisse
1353 2722 1447 2750 non
1479 2707 1627 2751 credo.

154 2852 251 2897 195.
292 2853 360 2895 De
402 2852 565 2909 papyri
596 2852 790 2895 lectione
823 2852 936 2892 έισιθν
969 2851 1017 2893 in
1049 2849 1159 2891 ἔπιθι
1191 2851 1378 2892 fortasse
1410 2850 1632 2892 mutanda
1664 2850 1718 2893 ef.

97 2937 214 2980 quae
245 2923 402 2979 scripsi
434 2923 490 2966 ad
524 2938 589 2967 vs,
623 2924 721 2966 211.

156 3063 251 3108 196,
285 3064 376 3121 τ[ὸ]
408 3063 448 3105 δὲ
482 3063 654 3115 πλάγιον
684 3063 833 3119 ἔχομεν.
868 3063 1051 3119 Satyros
1083 3066 1228 3115 antro,
1263 3063 1384 3104 unde
1417 3076 1553 3104 sonus
1586 3062 1720 3104 modo

98 3139 299 3187 venerat,
342 3133 762 3191 appropinquantes
799 3134 948 3178 levem
983 3134 1153 3178 clivum
1186 3133 1453 3186 ascendisse,
1487 3133 1640 3189 itaque
1673 3133 1720 3174 in
