2274 3750
913 336 1144 380 „43-

212 466 498 522 ῑὶξευτρεπίζειν
535 471 745 524 (parare),
779 467 900 524 quod
934 468 1113 512 mavult
1144 468 1474 512 Vuerthemius
1505 468 1604 512 coll.
1638 468 1745 511 Eur.
1775 467 1843 510 El.

218 538 274 582 75
305 539 382 580 τάν
414 537 551 592 δόμοισ
582 538 619 579 δ’
652 540 759 592 ἡμᾶσ
790 539 910 594 χρεὼν
941 538 1233 592 ἐξευτρεπίζειν.

195 714 214 733 n
273 678 366 725 Δ273
386 694 452 736 sq.
575 679 712 736 [οὔπω
742 679 842 737 γ]ἁρ
873 680 988 722 ἕκτον
1019 676 1124 735 ἦμαρ
1155 681 1485 737 ἐκπεφασμέν[ο]σ

573 750 744 807 [γυίοι]σ
769 749 898 804 ἐρείδει
931 749 1076 792 ν’ταιδὸσ
1106 754 1162 792 εἰσ
1192 752 1296 807 ἣβησ
1326 753 1470 806 ἀκμήν.

275 821 404 866 Haec
450 835 544 864 non
591 825 851 877 congruunt
897 836 1003 864 cum
1045 822 1220 879 Hymn.
1254 822 1390 867 Merc.
1424 837 1509 867 vss.
1545 824 1598 866 17
1621 838 1732 880 sqq„
1766 822 1845 865 ubi

215 891 391 937 factum
437 892 562 936 haud
610 892 798 948 vulgare
845 892 994 936 sobria
1041 892 1265 937 brevitate
1310 898 1583 937 annotatum
1625 894 1842 950 legimus:

82 963 84 966 ’
143 971 152 977 ”
217 966 335 1019 ἠῶιοσ
363 965 547 1016 γεγονώσ,
580 963 699 1016 μέσωι
731 963 853 1016 ἤματι
884 960 928 1005 εὖ
959 964 1174 1018 κιθάριζεν,
1210 965 1213 1022 1
1248 965 1423 1020 ἑσπέριοσ
1452 966 1552 1021 βοῦσ
1582 963 1730 1018 κλέψεν
1760 966 1846 1019 ἑκη-

215 1034 340 1093 βόλου
370 1033 638 1078 Ἀπόλλωνοσ.

281 1106 412 1151 Unde
443 1106 556 1150 haec
587 1106 924 1163 discrepantia?
955 1106 1182 1150 Robertus
1203 1111 1376 1151 censet:
1406 1107 1520 1160 „Ein
1542 1105 1845 1163 sprechendes

214 1177 509 1223 Wickelkind
528 1192 621 1221 war
640 1177 705 1219 im
724 1177 895 1220 Drama
918 1177 1198 1234 unmoglich.
1223 1178 1377 1221 Daher
1398 1178 1573 1234 verlegt
1594 1177 1846 1234 Sophokles

213 1248 292 1293 die
323 1248 581 1305 Handl'ung
611 1249 694 1291 auf
721 1248 810 1291 den
848 1249 1055 1292 sechsten
1086 1248 1343 1305 Lebenstag
1374 1249 1452 1292 des
1483 1248 1721 1293 HermeS.''
1755 1248 1845 1291 Hic

216 1319 435 1377 equidem
465 1319 645 1373 haereo,
679 1319 759 1376 qui
791 1333 971 1376 semper
1002 1320 1263 1376 putaverim
1294 1320 1508 1364 mortales
1529 1321 1729 1363 infantes
1749 1319 1845 1363 sive

222 1404 371 1435 unum
411 1390 507 1435 sive
544 1391 697 1447 plures
728 1390 824 1433 dies
854 1393 986 1433 natos
1016 1405 1197 1447 semper
1227 1390 1379 1434 adhuc
1410 1405 1505 1434 esse
1536 1391 1847 1444 σπαργανιῶτασ

219 1461 420 1506 necdum
461 1461 588 1519 loqui
620 1476 762 1518 posse,
795 1461 984 1504 deorum
1018 1465 1177 1505 contra
1206 1462 1325 1519 proli
1355 1477 1383 1505 a
1413 1462 1558 1519 poetis
1589 1461 1721 1505 nobis
1751 1461 1846 1505 des·

220 1532 394 1591 criptae
426 1532 545 1576 nihil
576 1547 670 1576 non
702 1532 851 1586 licere,
883 1533 1038 1589 itaque
1070 1533 1219 1576 Maiae
1250 1533 1403 1576 infans
1433 1548 1514 1577 sex
1545 1533 1763 1576 horarum
1789 1532 1847 1575 sit

219 1618 280 1648 an
328 1618 409 1647 sex
454 1603 636 1647 dierum
682 1617 866 1660 prorsus
906 1603 973 1646 nil
1004 1603 1234 1648 interesse.
1273 1604 1404 1659 „At,’'
1436 1603 1730 1661 respondebis
1760 1605 1846 1646 for-

218 1678 335 1719 tasse
387 1689 494 1719 cum
545 1674 758 1729 Roberto‚
815 1689 865 1728 „e
917 1674 1068 1719 verbis
1112 1675 1238 1727 yvc'mc
1283 1674 1411 1729 ἐρείδει
1457 1673 1543 1717 κτλ.
1590 1674 1846 1718 luculenter

219 1749 423 1804 apparet,
461 1747 590 1800 „dasz
616 1746 812 1789 Hermes
834 1746 935 1790 eine
951 1746 1085 1802 jener
1100 1746 1478 1803 jiinglinghaften
1501 1745 1845 1789 Knabenrollen

207 1831 325 1871 war,
357 1817 441 1862 wie
472 1818 536 1861 sie
566 1817 616 1860 in
649 1818 729 1860 der
759 1817 1076 1873 griechischen
1107 1817 1331 1874 Tragiidie
1363 1817 1493 1861 nicht
1523 1817 1668 1860 selten
1698 1816 1844 1860 sind.'’

278 1888 517 1932 Reverane
547 1888 690 1945 igitur
721 1889 960 1932 credamus
983 1888 1017 1944 l)
1050 1888 1332 1931 Mercurium
1365 1889 1458 1932 iam
1491 1903 1584 1931 non
1605 1888 1844 1941 infantem,

218 1958 296 2002 sed
329 1973 538 2016 puerum,
570 1960 715 2002 immo
737 1958 1077 2002 adulescentem
1099 1974 1194 2002 esse
1215 1959 1381 2013 visum,
1404 1959 1698 2012 Mercurium,
1717 1959 1846 2002 cuius

220 2031 321 2085 πρὸσ
363 2031 610 2085 σπαργάνοισ
657 2031 785 2072 νύκτα
826 2033 890 2070 καὶ
932 2035 1028 2071 καθ’
1071 2031 1218 2085 ἡμέραν
1258 2031 1388 2083 με’νειν
1429 2030 1669 2087 Cyllenam
1710 2030 1845 2073 modo

173 2103 175 2105 ’
218 2100 514 2146 audivimus?
556 2101 737 2158 Ergone
779 2101 985 2158 lepidum
1017 2101 1150 2144 illum
1181 2101 1347 2155 iocum,
1380 2116 1471 2158 quo
1503 2101 1667 2158 hymni
1689 2104 1846 2145 auctor

219 2172 502 2217 Mercurium
531 2173 779 2228 σπαργάνοισ
809 2173 1079 2217 obvolutum
1113 2177 1178 2216 tot
1210 2176 1428 2229 tantaque
1459 2173 1663 2216 facinora
1691 2186 1847 2229 perpe-

219 2247 419 2287 trantem
450 2244 703 2288 identidem
735 2244 866 2287 nobis
899 2244 1097 2287 ostendit
1129 2244 1201 2301 (cf.
1235 2259 1271 2288 e.
1296 2259 1336 2299 g.
1360 2259 1424 2288 vs.
1449 2245 1552 2299 388)
1576 2258 1603 2286 a
1625 2243 1846 2300 Sophocle

221 2314 271 2357 in
302 2315 466 2372 satyris
497 2315 590 2359 suis
621 2315 883 2372 neglectum
916 2330 1010 2359 esse
1042 2314 1290 2359 verisimile
1322 2314 1537 2359 videtur?

281 2385 416 2439 Quid,
459 2387 583 2443 quod
624 2401 682 2430 ne
725 2387 811 2444 ipsi
854 2387 1042 2443 quidem
1084 2386 1283 2429 Roberto
1316 2399 1584 2442 persuasum
1616 2389 1683 2428 est
1719 2385 1847 2438 „dasz

217 2455 295 2500 ‘ein
325 2457 631 2513 sprechendes
664 2457 958 2502 Wickelkind
989 2457 1054 2500 im
1087 2457 1259 2500 Drama
1284 2456 1553 2512 unmoglich
1575 2456 1709 2509 war’'‚
1737 2470 1846 2498 nam

221 2527 377 2570 scribit
407 2528 586 2585 (Herm.
622 2529 750 2582 1912,
784 2543 885 2585 pag.
919 2527 1046 2584 559):
1085 2527 1216 2581 „Nun
1250 2528 1384 2583 steigt
1415 2527 1610 2584 Hermes
1625 2527 1717 2580 auf,
1738 2525 1848 2569 aber

221 2597 341 2642 ohne
383 2599 456 2642 die
498 2599 642 2653 Leier,
684 2599 894 2643 vielleicht
934 2600 1014 2643 mit
1055 2599 1168 2642 eiw-
1208 2598 1463 2653 Andeutuny
1500 2598 1571 2641 der
1595 2596 1846 2641 'Windeln.''

274 2751 308 2795 ¹)
344 2752 397 2788 Ut
433 2752 597 2787 credidit
630 2752 862 2798 Koettgenia
887 2763 971 2798 pag.
997 2752 1036 2787 7:
1065 2751 1331 2796 „Mel-curium,
1359 2751 1547 2786 infantem
1575 2751 1686 2786 modo
1711 2754 1846 2786 natum

223 2813 335 2858 pocta
373 2811 472 2847 mira
509 2811 658 2847 ratione
695 2814 930 2847 crescentem
969 2810 1074 2853 fecit,
1112 2814 1156 2846 ut
1193 2810 1539 2854 adulescentulum,
1584 2810 1653 2856 qui
1696 2821 1721 2846 a
1756 2810 1849 2856 flore

222 2870 359 2905 aetatis
384 2881 462 2906 non
489 2870 598 2915 lonye
622 2870 778 2912 abesset,
803 2869 842 2905 in
869 2880 1022 2904 scenam
1049 2868 1255 2915 producere
1281 2868 1441 2914 posset.'’

269 2928 503 2975 Legitimum
533 2929 780 2975 histrionem,
813 2939 888 2963 non
924 2939 1055 2963 verum
1082 2938 1255 2974 puerum,
1282 2926 1460 2962 Mercurii
1487 2929 1614 2972 partes
1640 2926 1847 2973 suscepisse

222 2991 263 3023 et
297 2996 368 3034 ego
393 2987 522 3033 credo,
543 2987 608 3023 sed
634 2987 807 3023 infantili
833 2989 974 3022 ornatu
1000 2998 1088 3022 eum
1115 2986 1231 3021 fuisse
1258 2996 1324 3031 pro
1350 2989 1455 3021 certo
1480 2985 1611 3020 habeo.
1650 2984 1705 3022 Cf.
1731 2985 1847 3032 Brygi

221 3046 411 3093 picturam
439 3057 462 3082 a
489 3046 709 3092 Vollgraffio
725 3046 866 3082 Mnem.
883 3045 988 3090 1914,
1008 3056 1092 3092 pag.
1110 3045 1180 3080 173
1200 3044 1308 3079 nobis
1326 3044 1556 3090 descriptam
1575 3046 1614 3079 et
1630 3054 1846 3090 expressam

223 3104 335 3152 apud.
360 3116 392 3142 v.
419 3105 546 3141 Hoorn
573 3105 597 3142 l.
624 3105 649 3141 l.
674 3105 752 3140 tab.
779 3104 846 3140 111.
