2274 3750
1180 354 1414 398 ..76-

474 490 657 529 amator
707 485 1028 529 festivissimus
1083 486 1263 540 potator
1314 487 1381 528 est
1431 485 1578 528 factus
1628 484 1991 531 obscenissimus.
2043 487 2111 532 Cf.

481 573 518 601 e.
541 572 583 613 g.
617 556 800 614 Cyclop.
835 554 1083 599 163—175.

538 627 654 671 Cum
693 627 886 684 Cyclops
917 640 1100 670 scenam
1132 626 1336 680 intravit,
1370 626 1564 680 SilenuS,
1597 627 1921 683 pavidissimus
1950 628 2112 684 factus,

478 698 692 751 iucundo,
725 701 773 741 at
804 698 943 741 etiam
974 696 1184 753 improbo
1214 697 1456 740 mendacio
1487 697 1670 754 culpam
1691 711 1823 742 suam
1843 698 1903 743 ad
1925 698 2111 745 Ulixem

480 770 668 826 eiusque
710 769 900 812 comites
940 772 1111 812 temere
1153 768 1369 811 transfert
1405 768 1546 826 (chl.
1579 769 1836 823 233—2413
1871 770 1956 814 262
1977 772 2110 828 sqq.).

480 840 574 884 Sub
615 840 757 883 finem
798 839 997 897 denique
1035 839 1140 897 (540
1161 839 1279 896 sqq.)
1310 853 1416 882 eum
1449 840 1740 896 potissimum
1772 840 1968 886 electum
2000 853 2108 898 esse,

478 912 557 969 qui
590 911 779 969 Cyclopi
799 909 964 967 pocula
985 909 1213 967 praebeat,
1241 924 1336 954 non
1358 914 1425 954 est
1446 911 1724 966 mirandum,
1748 926 1857 955 nam
1878 911 2109 958 ebriosum

474 997 571 1027 esse
613 982 823 1026 Silenum
862 982 957 1025 iam
994 981 1102 1024 satis
1133 995 1361 1038 superque
1394 981 1669 1026 videramus,
1704 982 1831 1027 Haec
1861 984 1956 1027 fere
1985 988 2106 1039 sunt,

473 1068 591 1111 quae
634 1068 661 1096 a
705 1052 859 1096 Sileno
901 1052 1151 1109 Euripideo
1192 1052 1243 1095 in
1283 1066 1419 1096 scena
1461 1057 1678 1109 aguntur,
1719 1067 1837 1110 quae
1879 1055 2038 1100 omnia
2070 1056 2108 1101 si

471 1125 631 1182 paucis
652 1123 804 1168 verbis
825 1123 1115 1181 complector,
1133 1124 1196 1167 sic
1213 1123 1454 1168 concludo:
1473 1123 1757 1181 Euripidem,
1777 1139 1882 1169 cum
1899 1125 2108 1173 Silenum

471 1210 597 1239 more
631 1199 889 1252 satyrorum
921 1195 972 1239 in
1002 1194 1210 1238 fabulam
1241 1209 1374 1238 suam
1405 1195 1728 1250 introduceret,
1754 1196 1841 1240 hoc
1863 1198 2108 1255 praecipue

470 1268 627 1324 egisse,
659 1271 711 1311 ut
743 1281 959 1310 scurramr
975 1266 1303 1324 perridiculum
1327 1266 1459 1310 nobis
1481 1267 1687 1323 fingeret,
1711 1267 1844 1311 malis
1864 1268 2107 1327 stultisque

470 1339 595 1383 vitiis
635 1339 775 1382 nimis
816 1338 1091 1395 praeditum,
1136 1338 1215 1395 qui
1258 1339 1433 1395 spurcis
1474 1339 1662 1396 ineptiis
1703 1340 1857 1382 nautis
1893 1341 2122 1398 cauponi--

468 1410 646 1468 busque
691 1411 977 1466 gratissimus
1029 1410 1267 1453 cachinnis
1318 1411 1552 1454 theatrum
1603 1411 1831 1468 complere
1883 1411 2104 1468 potuerit3

469 1481 738 1526 eruditiores
769 1485 925 1525 autem
957 1482 1071 1539 quin
1101 1481 1247 1535 illum,
1282 1495 1421 1538 quem
1453 1481 1574 1538 apud
1608 1481 1880 1538 Sophoclem
1903 1481 2107 1529 vidimus

468 1553 689 1607 Silenum,
727 1553 874 1609 magis
911 1554 1100 1596 fortasse
1131 1553 1327 1606 riserint,
1362 1552 1516 1595 minus
1548 1553 1750 1609 profecto
1781 1552 2102 1607 fastidiverint,

468 1625 683 1682 equidem
714 1638 808 1667 non
840 1623 1013 1667 dubito.
1259 1668 1263 1671 .

527 1696 825 1753 Indagatores
856 1709 952 1739 esse
983 1694 1187 1738 fabulam
1220 1698 1478 1752 satyrorum
1511 1695 1699 1739 nomine
1730 1709 1871 1752 quam
1898 1695 2104 1741 maxime

467 1767 671 1823 dignam,
713 1766 793 1810 ubi
835 1766 1066 1824 principes
1107 1770 1259 1823 partes
1292 1770 1496 1823 agantur
1537 1780 1562 1810 a
1605 1766 1792 1823 Satyris,
1834 1765 1915 1810 ubi
1951 1766 2102 1824 Satyri

466 1838 668 1894 gestibus
699 1837 956 1881 actionibus
987 1837 1306 1881 saltationibus
1338 1838 1547 1881 omnium
1581 1840 1889 1894 spectatorum
1920 1838 2099 1883 animos

466 1909 524 1952 ad
560 1925 606 1953 se
643 1909 890 1962 attrahant,
924 1923 1074 1962 nemo,
1108 1909 1283 1965 opinor,
1315 1908 1604 1952 infitiabitur.
1638 1908 1819 1953 Vivunt
1849 1907 2002 1953 hercle
2032 1908 2100 1953 illi

466 1980 616 2037 Satyri
658 1980 844 2036 ingenio
886 1980 1049 2023 inculti
1082 1984 1126 2023 et
1158 1983 1367 2037 expertes
1399 1979 1549 2022 omnis
1581 1979 1896 2033 humanitatis,
1930 1982 2101 2026 temere

465 2051 691 2109 quidquid
723 2051 787 2094 eis
818 2051 868 2094 in
901 2055 1103 2095 mentem
1136 2051 1264 2095 venit
1296 2054 1340 2094 et
1372 2051 1575 2095 dicentes
1597 2055 1642 2094 et
1662 2051 1892 2095 facientes
1917 2050 2100 2108 Optime

464 2123 666 2179 profecto
698 2122 911 2180 Sophocli
944 2122 1170 2176 successit,
1204 2123 1326 2179 quod
1359 2122 1444 2166 sibi
1476 2126 1786 2180 proposuerat,
1809 2125 1862 2166 ut
1880 2121 2101 2167 animalia

465 2193 596 2237 nobis
642 2194 910 2251 depingeret
956 2194 1163 2237 medium
1211 2193 1432 2251 quiddam
1480 2193 1698 2237 habentia
1737 2193 1859 2237 inter
1888 2193 2100 2239 homines

464 2269 617 2309 mente
665 2265 894 2322 praeditos
940 2270 986 2308 et
1034 2265 1196 2309 bestias
1243 2265 1392 2309 omnis
1439 2265 1628 2308 rationis
1675 2269 1883 2322 expertes
1928 2265 2002 2310 vel
2049 2269 2101 2312 ut

464 2335 605 2379 verba
636 2336 815 2380 subtilis
847 2340 1005 2393 poetae
1039 2336 1204 2380 Gallici
1226 2337 1260 2394 1)
1294 2336 1573 2380 exscribam:

528 2407 619 2460 „La
659 2407 886 2464 satyrodie
929 2407 1115 2451 deroule
1156 2421 1221 2450 un
1252 2407 1436 2450 tableau
1468 2407 1523 2450 de
1556 2407 1759 2463 l'espece,
1791 2407 1847 2450 de
1878 2407 2098 2452 l'homme

463 2478 558 2534 pris
590 2492 705 2535 pour
736 2478 923 2532 animal,
958 2478 1227 2522 c’est-a-dire
1259 2478 1307 2521 ni
1339 2478 1444 2532 bon,
1467 2478 2096 2532 11imechant,elen1entaire,

463 2564 567 2595 sans
599 2549 784 2593 volonte
816 2563 904 2606 que
937 2564 987 2593 sa
1017 2549 1297 2593 satisfaction
1335 2549 1614 2604 immediate,
1647 2564 1751 2592 sans
1784 2549 1987 2606 passions
2008 2563 2097 2606 q-ue

462 2620 527 2664 les
568 2619 731 2674 basses,
775 2635 880 2664 sans
921 2620 1185 2664 conscience
1227 2620 1397 2677 qu’une
1439 2634 1553 2676 peur
1595 2620 1797 2676 maligne
1839 2620 1917 2663 des
1954 2621 2097 2664 forces

462 2691 686 2746 obscures,
720 2707 824 2735 sans
856 2691 1163 2749 personnalite
1196 2705 1284 2748 que
1316 2691 1395 2734 des
1427 2692 1556 2734 traits
1587 2691 1898 2748 simiesques.''

522 2763 762 2814 Quomodo
793 2763 915 2819 apud
947 2761 1217 2819 Euripidem
1250 2762 1361 2805 haec
1393 2762 1549 2805 omnia
1580 2777 1673 2806 sese
1706 2763 1909 2806 habent?

521 2833 616 2876 Sub
649 2835 789 2877 finem
821 2834 996 2890 prologi
1029 2834 1210 2877 Silenus
1242 2832 1373 2876 nobis
1404 2833 1673 2890 Satyrorum
1705 2833 1956 2877 adventum
1979 2846 2095 2876 nun-

465 2905 559 2958 tiat,
604 2918 717 2961 quos
758 2905 895 2961 paulo
937 2908 1037 2961 post
1078 2904 1161 2947 sub
1198 2904 1422 2946 σικιννίδων
1462 2904 1655 2961 strepitu
1694 2903 1902 2960 Cyclopis
1933 2916 2096 2960 pecora

515 3070 548 3115 ¹)
586 3069 765 3105 Peladan.
805 3070 854 3105 Le
893 3070 1089 3106 troisieme
1121 3081 1290 3117 masque,
1327 3069 1495 3116 (Figaro,
1533 3069 1784 3118 Supple'ment
1819 3069 2011 3106 litteraire
2049 3068 2095 3104 10

461 3129 564 3163 Aout
588 3128 710 3176 1912.)
